2012 2917
859 184 1069 228 ...23-

230 313 319 363 quia
343 313 384 351 in
410 305 530 350 satira
556 309 702 347 decima
728 319 858 346 versus
890 306 1092 345 nonnullos
1118 318 1164 344 ex
1191 309 1330 355 quarta
1356 305 1434 347 fere
1461 305 1511 344 ad
1538 304 1695 344 verbum

229 375 396 415 reddidit
421 377 466 412 ut
493 375 529 411 4.
560 374 595 411 2.
630 376 648 394 “
666 378 781 420 atque
816 370 893 411 alii.
937 382 1096 419 quorum
1137 368 1329 407 comoedia
1370 369 1495 418 prisca
1528 369 1694 407 virorum

230 443 299 486 est,
315 469 331 486 „
363 439 402 476 in
433 439 491 477 10.
526 439 585 476 16.
621 436 719 482 “illi,
749 435 894 484 scripta
921 434 1059 484 quibus
1087 433 1281 472 comoedia
1309 434 1432 483 prisca
1459 433 1550 471 viris
1577 436 1652 479 est;
1674 463 1689 479 ,,

231 504 266 542 4.
302 503 382 541 11.;
418 507 434 524 “
457 515 542 541 cum
569 497 703 539 flueret
729 499 943 538 lutulentus
962 529 978 546 „
1009 500 1048 537 in
1071 501 1129 538 10.
1152 500 1212 537 50.
1245 504 1261 519 “’
1285 502 1327 546 at
1345 498 1436 545 dixi,
1466 497 1582 536 fluere
1594 497 1693 536 hunc.

230 569 460 607 lutulentum
475 597 490 609 ,,
537 568 571 604 4.
601 566 637 603 9.
673 566 741 603 “in
768 565 862 603 hora
890 577 999 613 saepe
1028 564 1223 610 ducentos,
1246 595 1261 610 „
1292 565 1331 601 in
1363 564 1419 601 10.
1448 564 1510 601 60.
1554 566 1570 583 “
1593 566 1696 600 amet

229 632 422 681 scripsisse
449 631 644 668 ducentos.
661 658 676 675 ,‚
708 628 767 666 Ex
795 641 905 666 versu
932 629 1008 675 92„
1030 628 1095 677 qui
1110 629 1190 678 jam
1207 629 1245 665 in
1266 626 1345 666 Sat.
1366 628 1393 665 I.
1416 628 1450 664 2.
1472 627 1533 664 27.
1556 629 1693 672 exstat,

232 695 427 745 “pastillos
454 691 615 731 Rufillus
634 693 721 738 olet,
744 693 956 741 Gargonius
974 692 1143 738 hircum„
1166 692 1258 730 haec
1282 695 1433 729 tantum
1453 691 1713 729 manifestum'

228 761 329 796 recte
366 757 474 802 dixit,
518 761 694 805 quartam
730 760 817 805 post
845 756 1045 795 secundam
1089 760 1285 794 exaratam
1313 768 1404 793 esse.
1444 753 1630 793 Teuffelus
1657 755 1696 791 in

229 833 340 859 versu
367 822 428 859 23.
458 824 610 869 poetam
638 820 756 869 queri,
786 820 886 869 quod
915 833 1023 858 nemo
1052 833 1119 858 sua
1147 820 1291 869 scripta
1318 820 1421 868 legat
1449 817 1691 863 contendens.

225 885 312 923 inde
339 885 497 923 satiram
525 888 701 933 quartam
730 885 975 923 antecessisse
1003 885 1157 922 tertiam
1193 883 1338 922 efficere
1366 883 1459 921 vult.
1491 883 1694 920 Praeterea

227 963 312 988 curn
338 949 483 988 nullam
511 949 740 988 Maecenatis
768 949 996 987 mentionem
1023 953 1136 998 poeta
1163 949 1320 992 faceret,
1349 948 1449 986 idem
1478 960 1585 986 suam
1614 959 1696 985 sen-

228 1014 388 1051 tentiam
417 1026 460 1050 eo
488 1013 785 1062 probabiliorem
812 1026 893 1051 esse
921 1013 994 1051 sibi
1021 1014 1219 1061 persuasit.
1252 1013 1326 1050 Sed
1345 1015 1570 1060 argumenta
1597 1024 1620 1048 a
1648 1012 1697 1048 si-

227 1077 355 1122 lentio,
387 1090 483 1126 quae
510 1080 711 1116 vocantur.
742 1077 944 1115 admodum
972 1090 1051 1115 esse
1089 1075 1235 1114 infirma
1270 1089 1355 1114 eum
1383 1076 1591 1125 praeteriit.
1629 1088 1697 1112 nec

226 1141 335 1179 facile
362 1142 535 1189 cuiquam
564 1154 642 1186 sua,
682 1154 795 1190 quam
822 1141 974 1179 silentio
1002 1140 1208 1189 praeterire
1237 1154 1312 1179 non
1349 1152 1511 1189 possum,
1542 1151 1696 1188 persua-

228 1204 334 1242 debit
354 1205 692 1253 argumentatione.
720 1205 823 1242 Haec
842 1204 918 1242 fere
937 1208 1016 1242 est:
1048 1204 1141 1242 Cum
1169 1204 1312 1242 nullam
1342 1204 1576 1242 Maecenatis
1593 1215 1696 1241 men-

226 1268 524 1307 tionem'fecerit
551 1269 734 1307 Horatius
761 1269 852 1306 mihi
879 1281 1103 1317 persuasum
1130 1268 1264 1313 habeo,
1306 1272 1395 1306 ante
1423 1280 1563 1306 annum
1606 1268 1694 1305 717.

225 1332 382 1371 satiram
409 1336 586 1382 quartam
613 1346 693 1371 esse
721 1334 977 1382 compositam.
1019 1333 1116 1371 Tum
1143 1333 1291 1371 facilem
1319 1332 1550 1381 explicatum
1577 1331 1696 1370 habet

228 1409 359 1435 versus
388 1398 449 1435 23.
480 1400 519 1435 et
548 1398 641 1435 ordo
670 1398 859 1446 seriesque
887 1400 1048 1446 quartae
1086 1401 1124 1435 et
1152 1397 1330 1435 decimae.
1360 1397 1458 1434 Nam
1495 1400 1583 1435 ante
1623 1396 1694 1435 hoc

225 1463 374 1509 tempus
401 1473 523 1509 pauca
549 1464 725 1510 poemata
748 1462 843 1511 ejus,
890 1464 936 1499 ut
962 1464 1099 1510 poetae
1125 1461 1245 1509 ignoti
1272 1461 1383 1510 pauci
1411 1459 1600 1509 legebant,
1631 1460 1696 1499 sed

225 1537 309 1562 cum
337 1524 567 1563 Maecenatis
607 1525 866 1564 familiaritate
893 1525 967 1563 sibi
995 1525 1197 1564 conciliata
1224 1526 1389 1564 omnium
1416 1525 1561 1563 animos
1589 1526 1629 1563 in
1655 1538 1695 1563 se

226 1589 486 1633 convertisset,
516 1588 685 1626 homines
713 1589 896 1627 curiosius
914 1589 982 1626 illa
1001 1592 1207 1638 coeperunt
1221 1589 1423 1638 perlegere.
1453 1588 1536 1634 Quo
1550 1588 1695 1627 factum

225 1655 294 1698 est,
325 1656 368 1690 ut
395 1652 516 1701 magis
543 1653 736 1703 magisque
765 1652 1065 1692 obtrectatorum
1106 1657 1145 1691 et
1181 1653 1486 1692 adversariorum
1517 1665 1695 1692 numerus

226 1719 439 1764 augeretur.
469 1716 577 1761 Quod
604 1729 690 1754 cum
717 1717 883 1763 vidisset,
913 1718 1121 1766 posteriore
1149 1722 1317 1766 tempore
1335 1717 1493 1755 satiram
1511 1717 1695 1755 decimam

224 1780 282 1817 sui
310 1778 532 1818 defendendi
561 1793 675 1818 causa
702 1781 884 1819 exaravit.

328 1843 457 1892 Longe
471 1844 595 1886 aliam.
613 1848 652 1882 et
666 1844 817 1893 quidem
830 1848 974 1882 rectam
987 1845 1060 1883 loci
1073 1845 1425 1894 interpretationem
1442 1845 1694 1894 Diintzerus¹)

223 1907 432 1957 proposuit,
463 1910 614 1957 poetam
641 1908 697 1946 ita
724 1909 941 1958 loquentem
967 1908 1123 1947 faciens:

326 1971 449 2010 Meine
478 1971 666 2011 Schriften
693 1972 886 2012 bekommt
918 1974 1047 2012 keiner
1083 1987 1129 2012 zu
1169 1975 1284 2020 lesen,
1328 1975 1405 2012 und
1445 1974 1507 2012 ich
1543 1974 1695 2012 fiirchte

223 2036 322 2073 mich
350 2036 402 2074 sie
431 2036 516 2074 dem
544 2036 662 2074 Volke
690 2040 949 2086 vorzutragen,
979 2038 1062 2076 weil
1090 2050 1129 2076 es
1166 2039 1247 2076 eine
1285 2038 1409 2076 Masse
1437 2039 1556 2077 Leute
1596 2038 1690 2087 gibt,

223 2100 282 2138 die
309 2113 358 2138 an
387 2101 538 2139 solchen
567 2101 777 2140 Gedichten
804 2102 891 2140 kein
921 2102 1092 2141 Gefallen
1119 2102 1198 2148 hat,
1229 2103 1279 2141 da
1305 2102 1367 2140 die
1394 2103 1589 2141 Mehrzahl
1609 2103 1693 2141 dem

223 2163 342 2201 Tadel
361 2164 428 2202 der
448 2164 572 2203 Satire
600 2165 849 2204 anheimfallt.
882 2190 928 2192 -ν-
951 2166 1054 2204 Idem
1074 2166 1246 2215 disputat
1265 2165 1467 2204 Horatium
1495 2169 1582 2215 post
1609 2179 1693 2204 sex-

227 2230 307 2264 tam
334 2230 588 2277 composuisse
616 2231 773 2268 satiram
793 2233 981 2279 quartam,
1012 2231 1103 2279 quia
1130 2244 1204 2279 quo
1232 2230 1342 2268 modo
1371 2244 1482 2269 versu
1509 2231 1594 2269 105.
1617 2244 1692 2280 seq.

222 2294 369 2338 patrem
398 2292 554 2339 inducit,
572 2307 611 2331 se
630 2294 737 2331 illum
760 2294 840 2342 jam
858 2294 896 2331 in
915 2294 1106 2343 publicam
1124 2294 1263 2343 probat
1278 2295 1481 2344 protulisse
1499 2295 1687 2333 notitiam.

221 2353 336 2403 Cujus
364 2357 592 2395 sententiam
630 2357 820 2396 Teuffelus
848 2370 933 2396 cum
959 2358 1199 2408 impugnaret
1227 2358 1354 2397 dicens
1382 2371 1463 2397 rem
1489 2359 1546 2397 ita
1583 2372 1694 2409 posse

220 2419 367 2464 inverti,
404 2424 448 2457 ut
481 2426 590 2460 sexta
617 2426 704 2470 post
731 2425 907 2471 quartam
935 2423 974 2459 in
1000 2423 1134 2471 vulgus
1162 2423 1267 2461 edita
1298 2435 1379 2461 esse
1398 2427 1537 2471 posset,
1558 2432 1692 2472 parum

223 2482 383 2520 Horatio
410 2488 679 2524 conventurum
707 2485 821 2524 fuisse
848 2486 985 2530 Lucilii
1008 2486 1174 2535 judicem
1193 2499 1315 2536 agere,
1333 2486 1365 2525 si
1383 2499 1523 2536 paucas
1541 2490 1694 2526 tantum

332 2632 350 2672 Ι)
374 2631 489 2663 Kritik.
513 2632 577 2665 und
599 2634 784 2675 Erklarung
805 2634 862 2667 des
884 2635 991 2667 Horaz
1014 2645 1044 2676 p.
1072 2635 1139 2667 176.
