2012 2917
927 177 1111 214 ..5-

272 297 319 331 ut
347 304 480 330 eorum
507 291 712 329 molestum
740 291 793 329 sit
819 290 1066 329 dinumerare
1094 292 1319 331 sententias.
1356 294 1486 343 Atque
1513 306 1583 343 ego
1611 294 1768 343 quidem

272 355 307 393 si
335 354 609 393 nonnullorum
624 354 748 392 sciens
766 357 806 392 et
824 353 993 403 prudens
1021 355 1257 404 praeteriero
1284 355 1578 405 disputationes,
1599 358 1667 406 qui
1693 357 1766 397 has

271 418 474 468 perlegent
500 417 687 468 pagellae,
716 421 909 467 quantum
934 417 1081 456 laboris
1096 421 1136 456 et
1162 418 1348 468 temporis
1362 418 1459 457 haec
1477 419 1610 458 studia
1635 421 1766 470 requi-

269 484 373 528 rant,
403 481 437 519 si
463 493 596 520 secum
620 480 898 530 reputaverint,
915 481 1069 519 veniam
1079 493 1192 531 spero
1206 481 1303 520 mihi
1318 481 1491 521 daturos.
1519 481 1648 522 Variis
1662 483 1766 522 enim

271 544 590 594 occupationibus
617 556 706 583 cum
724 543 914 583 distinear
940 546 980 582 et
1007 545 1162 594 saepius
1176 544 1418 584 ascribendo
1445 545 1631 593 retarder,
1652 545 1766 585 facile

271 608 489 658 apparebit,
519 607 696 646 libellum
723 618 786 645 me
812 619 891 646 non
918 619 996 646 uno
1024 610 1064 646 et
1088 608 1272 647 continuo
1299 610 1434 647 tenore
1473 608 1542 648 sed
1568 608 1769 649 subsicivis

270 671 444 721 potuisse
472 683 634 710 exarare
661 669 913 720 temporibus.
944 669 1019 709 Sed
1041 682 1090 708 ne
1109 670 1177 720 qui
1203 671 1360 710 inanem
1374 684 1436 710 me
1455 685 1615 722 operam
1633 672 1766 711 dicant

270 734 524 784 insumpsisse
551 734 593 772 in
621 746 666 772 eo
693 733 907 780 scribendo,
936 745 1015 772 non
1031 745 1143 784 posse
1157 745 1245 774 vere
1255 734 1425 785 judicari
1443 730 1637 775 mofiuisse
1650 735 1765 776 velim

269 797 319 836 de
332 801 471 847 poetae
479 798 572 845 vita,
584 801 681 844 arte,
692 798 858 847 ingenio,
874 797 950 835 nisi
964 809 1052 835 cum
1069 801 1293 847 poematum
1307 801 1485 848 tempora
1494 803 1675 839 accurate
1685 795 1765 839 'sint

273 861 441 911 cognita.
470 861 528 900 De
555 861 697 911 quibus
723 861 951 911 priusquam
974 861 1240 911 quaestionem
1254 862 1469 910 instituam,
1497 862 1651 901 Horatii
1682 864 1764 909 vita

269 925 365 963 mihi
392 925 590 963 narranda
616 924 780 971 videtur,
809 937 888 974 qua
902 925 1097 974 descripta
1110 924 1162 963 ad
1185 925 1295 964 illam
1323 926 1449 976 ipsam
1468 926 1640 965 naturali
1664 939 1760 977 qua-

269 989 360 1027 dam
388 989 451 1027 via
476 988 636 1028 tandem
663 989 899 1038 progrediar.

376 1179 543 1225 Quintus
571 1178 757 1217 Horatius
780 1177 941 1216 Flaccus
967 1178 996 1226 ¹)
1023 1180 1139 1215 natus
1167 1180 1226 1216 est
1245 1177 1439 1216 Venusiae
1454 1178 1605 1217 colonia
1617 1179 1757 1218 Roma-

238 1262 242 1265 -
267 1254 406 1281 norum
435 1242 476 1280 in
503 1241 646 1291 Apulia
673 1242 762 1288 sita,
791 1241 1037 1279 Lucanorum
1065 1241 1170 1290 agris
1197 1238 1349 1288 confini,
1380 1254 1416 1279 a.
1432 1255 1470 1279 u.
1499 1254 1532 1279 e.
1562 1245 1759 1281 sexcente-

270 1306 367 1345 simo
396 1306 629 1356 octogesimo
644 1318 755 1352 nono,
773 1305 852 1344 sive
870 1318 906 1343 a.
927 1304 1016 1343 Chr.
1032 1318 1070 1343 n.
1100 1304 1337 1354 sexagesimo
1366 1305 1513 1354 quinto,
1530 1305 1572 1344 L.
1602 1306 1759 1345 Aurelio

270 1370 397 1417 Cotta,
427 1370 470 1408 L.
499 1369 646 1409 Manlio
673 1369 870 1419 Torquato
898 1381 993 1407 coss.
1017 1368 1061 1418 2),
1090 1371 1203 1418 patre
1230 1368 1425 1416 libertino,
1467 1369 1623 1408 homine
1655 1368 1758 1419 frugi

267 1437 308 1473 et
334 1434 507 1477 honesto.
542 1437 560 1455 “
574 1433 648 1480 Qui·
675 1445 913 1483 quamquam
928 1444 1058 1470 macro
1076 1444 1225 1482 pauper
1252 1432 1377 1481 agello
1396 1432 1427 1481 ⁸)
1450 1461 1467 1479 „
1499 1435 1632 1471 tamen
1663 1446 1756 1483 pue-

266 1510 366 1544 rum,
383 1498 494 1547 cujus
512 1497 655 1535 bonam
674 1496 843 1534 indolem
862 1498 1123 1545 perspexerat,
1144 1495 1269 1534 noluit
1283 1496 1524 1534 committere
1537 1496 1629 1535 ludo
1648 1497 1756 1546 oppi-

268 1561 381 1608 dano,
412 1561 475 1600 cui
501 1561 657 1599 Flavius
686 1559 846 1610 quidam
873 1562 1064 1609 praeerat,
1093 1559 1185 1598 licet
1211 1560 1343 1609 magni
1372 1563 1411 1598 et
1438 1558 1595 1610 superbi
1622 1563 1755 1599 centu-

267 1625 396 1663 riones
413 1625 446 1674 4)
474 1623 574 1663 fflios
602 1637 690 1662 suos
718 1636 807 1662 eum
834 1622 970 1661 ludum
1006 1622 1252 1672 frequentare
1266 1622 1460 1672 juberent,
1480 1622 1548 1662 sed
1562 1626 1621 1662 est
1639 1635 1755 1661 ausus

264 1688 428 1728 Romam
455 1692 614 1738 portare
642 1687 877 1727 docendum:

504 1814 632 1863 Artes,
662 1827 760 1865 quas
787 1814 917 1854 doceat
944 1815 1067 1864 quivis
1095 1826 1203 1864 eques
1230 1817 1339 1863 atque
1366 1816 1517 1853 senator

507 1878 631 1920 Semet
650 1882 859 1929 proynatos
889 1902 939 1907 —
972 1879 1003 1928 ⁵)

370 2008 457 2047 Non
484 2007 560 2047 fuit
587 2009 709 2058 igitur
736 2012 849 2058 pater
877 2007 1031 2047 Horatii
1063 2007 1180 2054 dives,
1220 2008 1253 2045 si
1281 2007 1438 2057 quidem
1478 2007 1561 2057 ipse
1588 2010 1703 2056 poeta
1721 2008 1752 2055 ὃ)

261 2072 303 2110 in
330 2073 439 2110 tenui
458 2084 500 2110 re
527 2072 694 2121 majores
709 2071 801 2110 nido
813 2084 961 2121 pennas
981 2084 1022 2110 se
1041 2071 1098 2110 ait
1113 2070 1331 2109 extendisse
1362 2093 1410 2098 —
1440 2069 1508 2108 sed
1521 2073 1654 2107 tamen
1671 2070 1751 2118 pri-

261 2148 368 2175 mum
396 2135 600 2182 Venusiae,
630 2139 718 2185 post
745 2136 891 2173 Romae
911 2135 1102 2173 exactoris
1116 2147 1274 2173 munere
1301 2133 1466 2183 fungens
1484 2133 1526 2171 in
1553 2132 1751 2182 exigendis

367 2264 390 2305 ι)
412 2265 463 2296 De
487 2264 562 2296 fam.
585 2264 665 2296 Hor.
688 2263 774 2296 conf.
797 2264 876 2295 Atto
899 2263 1056 2304 Vanucci,
1079 2263 1174 2295 Studi
1196 2262 1309 2295 storici
1332 2271 1350 2294 e
1379 2261 1496 2294 morali
1518 2261 1604 2293 sulla
1624 2261 1748 2293 Letter.

261 2317 335 2350 Lat·
357 2327 391 2413 12)
413 2319 517 2404 ἐῗίἃ
533 2372 584 2404 21.
596 2370 640 2404 ad
655 2370 856 2412 amphoram.
874 2369 921 2404 “O
933 2373 1012 2404 nata
1023 2379 1150 2403 mecum
1159 2368 1295 2403 consule
1307 2369 1463 2411 Manlio„,
1482 2371 1515 2401 et
1528 2368 1633 2409 Epod.
1651 2370 1700 2401 13.
1717 2369 1746 2400 6.

365 2425 389 2466 ²)
414 2424 480 2458 Sat.
503 2425 528 2458 Ι.
551 2425 581 2457 6.
607 2426 657 2457 71.

367 2479 389 2518 ⁴)
413 2478 481 2511 Sat.
503 2479 528 2510 1.
551 2480 581 2510 6.
606 2480 655 2510 73.

365 2533 388 2572 ⁵)
413 2531 480 2564 Sat.
503 2532 527 2563 Ι.
551 2533 581 2564 6.
608 2534 659 2563 77.

364 2586 388 2625 ⁶)
411 2585 516 2626 Epist.
539 2585 562 2616 I.
585 2587 636 2617 20.
660 2587 712 2617 20.
