2012 2917
883 153 1091 194 -22-

248 281 416 333 Antonio
441 280 596 330 diceret,
616 280 719 332 quod
746 293 787 321 se
804 293 881 321 nou
897 282 1159 331 exspectasset
1176 280 1204 330 ¹)
1221 283 1245 326 ,“
1259 278 1335 318 Sed
1353 278 1496 319 Caesar
1513 280 1571 319 ait
1588 280 1724 319 Kirch-

248 354 364 385 nerus
376 340 409 396 ⁷²)
435 357 504 395 per
529 348 717 385 aestatem
741 345 832 385 anni
860 346 948 384 716.
976 344 1147 394 ingentia
1173 342 1313 382 damna
1339 343 1379 381 in
1405 343 1508 382 bello
1534 344 1727 383 maritimo

250 412 385 449 contra
411 408 516 449 Sext.
545 409 769 460 Pompejum
796 421 1010 459 perpessus,
1039 420 1127 447 cum
1162 407 1370 445 maximam
1412 406 1544 446 classis
1577 410 1727 457 partem

248 472 363 511 simul
389 485 475 512 cum
500 473 635 512 multis
662 472 782 521 copiis
807 472 910 511 circa
937 470 1153 520 Scyllaeum
1180 470 1485 519 promontorium
1520 474 1605 509 tum
1639 484 1727 520 pro-

249 536 353 576 cellis
379 537 529 576 tum.vi
555 536 688 576 hostili
704 535 946 585 perdidisset,
976 535 1016 573 in
1034 534 1192 573 summis
1211 546 1340 572 rerum
1358 546 1514 573 suarum
1541 534 1729 583 angustiis

247 600 508 640 Maecenatem
535 599 586 638 ad
612 599 823 638 Antonium
849 599 1018 645 miserat,
1046 599 1113 648 qui
1139 599 1254 637 modo
1281 602 1388 637 ortas
1405 598 1507 636 inter
1524 601 1730 647 utrumque

247 664 524 702 controversias
550 666 590 701 et
616 662 834 701 simultates
861 664 1114 710 componeret,
1144 661 1330 711 illumque
1358 661 1391 699 si
1417 660 1498 699 fieri
1523 664 1652 710 posset
1678 660 1730 699 ad

247 725 342 765 belli
378 725 602 765 societatem
647 723 899 775 pertraheret.
937 724 1098 763 Ineunte
1138 737 1225 763 vere
1263 724 1458 774 sequentis
1494 724 1585 762 anni
1623 724 1726 770 717.

247 788 437 827 Antonius
465 801 553 827 cum
580 789 763 827 trecentis
790 787 955 827 navibus
981 788 1022 826 in
1048 788 1202 827 Italiam
1239 788 1354 835 venit,
1394 787 1617 826 societatem
1644 788 1728 838 qui-

247 851 333 892 dem
361 852 453 892 belli
480 856 614 893 contra
640 851 865 903 Pompejum
893 851 1048 902 gerendi
1073 852 1333 903 praetendens,
1353 851 1422 891 sed
1435 864 1477 891 re
1499 864 1590 892 vera
1606 852 1729 902 magis

247 917 478 966 speculandi,
508 930 624 967 quam
651 916 788 965 agendi
816 929 944 955 causa.
974 917 1238 966 Exasperatus
1257 920 1357 956 enim
1376 916 1425 955 ob
1446 917 1727 956 criminationes

246 980 435 1030 quasdam
462 982 684 1030 suspectum
710 979 850 1019 habuit
877 979 1091 1020 Caesarem.
1122 980 1369 1020 Brundisium
1409 993 1541 1019 versus
1573 993 1728 1020 cursum

245 1043 397 1090 direxit,
426 1043 556 1093 ibique
583 1047 711 1083 castra
752 1057 891 1094 ponere
927 1044 1161 1091 decreverat,
1202 1045 1268 1082 sed
1313 1057 1337 1082 a
1373 1044 1615 1082 Brundisinis
1651 1057 1727 1083 non

245 1106 436 1145 admissus
464 1107 673 1147 Tarentum
702 1108 862 1147 classem
890 1108 1124 1157 circumegit,
1156 1107 1287 1157 ibique
1305 1107 1451 1146 diutius
1469 1111 1728 1147 commoratus

245 1174 315 1210 est.
345 1171 445 1209 Nam
472 1171 614 1210 Caesar
640 1173 833 1214 nonnullis
860 1172 988 1219 rebus,
1017 1185 1117 1221 quae
1144 1173 1292 1211 interea
1318 1173 1391 1221 ipsi
1418 1172 1569 1210 faustae
1595 1185 1727 1211 evene-

246 1237 347 1280 rant,
379 1234 505 1273 elatus
534 1238 574 1273 et
600 1235 768 1274 Antonio
795 1235 983 1284 imprimis
1010 1239 1167 1284 propter
1202 1247 1312 1284 opem
1348 1235 1541 1284 superiore
1580 1239 1728 1274 aestate

246 1297 287 1336 in
315 1298 539 1348 Pompejum
566 1311 642 1338 non
669 1299 895 1348 praestitam
924 1311 1148 1345 succensens
1188 1312 1264 1338 non
1296 1299 1378 1348 ipse
1414 1299 1547 1337 statim
1575 1312 1726 1348 compa-

244 1361 335 1409 ruit,
375 1362 442 1400 sed
486 1375 554 1411 per
599 1362 858 1401 internuncios
903 1371 1020 1412 agens
1057 1363 1243 1401 auxilium
1281 1361 1355 1401 sibi
1393 1362 1568 1401 oblatum
1602 1363 1726 1412 primo

243 1428 416 1474 tempore
442 1426 538 1465 adeo
566 1426 807 1473 detrectavit,
838 1430 877 1464 et
917 1426 1062 1465 frustra
1097 1426 1382 1465 conditionibus
1421 1426 1526 1464 ultro
1554 1427 1726 1476 citroque

243 1488 477 1537 perferendis
504 1492 543 1527 et
570 1489 762 1538 agitandis
786 1493 938 1539 tempus
966 1489 1177 1536 terebatur,
1216 1490 1336 1528 donec
1363 1489 1524 1528 Octavia
1558 1490 1642 1539 ipsa
1667 1490 1724 1528 in—

243 1552 460 1592 tercedente
487 1551 662 1592 effectum
691 1556 762 1600 est,
801 1557 847 1592 ut
874 1554 1125 1604 imperatores
1153 1554 1364 1593 Tarentum
1399 1554 1501 1592 inter
1536 1557 1575 1592 et
1602 1554 1725 1593 Meta-

242 1618 402 1664 pontum
442 1616 634 1665 congressi
659 1616 699 1654 in
732 1618 897 1665 gratiam
935 1617 1112 1656 redirent.
1127 1646 1144 1664 „
1179 1640 1226 1645 —
1266 1617 1407 1655 Caesar
1433 1617 1569 1666 viginti
1604 1617 1726 1656 millia

242 1678 410 1717 militum
436 1679 602 1717 Antonio
630 1679 680 1717 ad
704 1679 850 1717 bellum
878 1680 1111 1727 Parthicum,
1132 1680 1320 1718 Antonius
1340 1679 1494 1718 Caesari
1516 1680 1592 1718 100
1607 1692 1725 1719 naves

241 1744 430 1780 rostratas
457 1741 574 1780 dedit.
603 1741 748 1781 Deinde
775 1742 956 1781 abierunt
996 1746 1201 1792 prorogato
1244 1742 1319 1781 sibi
1354 1742 1514 1781 invicem
1550 1743 1724 1782 triumvi-

241 1807 331 1843 ratu
357 1804 399 1843 in
425 1805 738 1855 quinquennium,
763 1806 953 1845 Antonius
979 1807 1020 1844 in
1048 1806 1206 1856 Syriam,
1236 1805 1378 1845 Caesar
1404 1806 1455 1844 ad
1482 1806 1629 1845 bellum
1666 1806 1724 1846 Si-

242 1868 371 1906 culum
389 1869 431 1919 ³).
459 1868 691 1908 Plutarchus
718 1882 798 1907 rem
825 1870 882 1908 ita
908 1873 1061 1908 narrat:

343 1961 474 2012 Αὖτὸς
487 1964 529 2004 δὲ
543 1963 784 2013 (Ἀντώνιος)
811 1964 928 2005 πάλιν
942 1965 984 2005 ἐκ
996 1968 1113 2005 τινῶν
1137 1967 1328 2016 διαβολῶν
1341 1966 1601 2016 παροξυνθεὶς
1627 1964 1725 2015 πρὸς

241 2026 427 2076 Καίσαρα
451 2026 568 2065 ναυσὶ
593 2027 830 2076 τριακοσίαις
858 2026 959 2066 ἔπλει
984 2025 1084 2077 πρὸς
1109 2025 1180 2077 τὴν
1202 2025 1366 2066 Ἰταλίαν
1379 2056 1389 2066 .
1428 2025 1477 2066 οὐ
1504 2027 1725 2078 δεξαμένων

241 2086 283 2125 δὲ
309 2088 386 2125 τῶν
412 2088 676 2137 Βρεντεσίνων
689 2086 758 2126 τὸν
771 2085 912 2127 στόλον
939 2088 993 2133 εἰς
1025 2086 1207 2137 Τάραντα
1233 2087 1491 2138 περιώρμισεν
1505 2118 1514 2127 .
1544 2087 1724 2127 ἐνθαῦθα

239 2146 311 2199 τὴν
344 2145 576 2189 Ὀκταουίαν
603 2148 797 2197 (συνέπλει
822 2148 898 2200 γὰρ
938 2146 1015 2189 ἀπὸ
1042 2151 1108 2200 τῆς
1142 2147 1326 2197 Ἑλλάδος
1360 2147 1480 2203 αὐτῷ)
1516 2151 1723 2201 δεηθεῖσαν

240 2206 456 2259 ἀποπέμπει
481 2209 580 2260 πρὸς
605 2209 675 2250 τὸν
701 2208 888 2261 ἀδελφὸν,
929 2210 1069 2261 ἔγκυον
1094 2210 1164 2261 μὲν
1191 2205 1327 2258 οὖσαν,
1360 2209 1437 2262 ἤδη
1470 2210 1513 2250 δὲ
1544 2211 1610 2250 καὶ
1636 2210 1721 2250 δεύ-

239 2283 353 2320 τερον
380 2269 418 2318 ἐξ
444 2268 568 2311 αὐτοῦ
593 2270 808 2322 θυγάτριον
835 2271 1012 2323 ἔχουσαν.
1032 2270 1056 2323 ἲ
1082 2273 1106 2311 δ
1119 2270 1393 2323 ’ἀπαντήσασα
1409 2269 1499 2312 καθ’
1510 2270 1607 2312 ὁδὸν
1626 2274 1721 2311 Καί-

240 2339 340 2381 σαρι,
367 2331 433 2371 καὶ
458 2335 741 2384 παραλαβοῦσα
757 2336 834 2373 τῶν
861 2333 1009 2374 ἐκείνου
1022 2335 1148 2385 φίλων
1166 2331 1383 2384 Ἀγρίππαν
1405 2334 1471 2373 καὶ
1494 2332 1719 2385 Μαικήναν,

346 2463 368 2503 ¹)
390 2462 562 2495 Kichner.:
586 2463 716 2504 Quaest.
738 2464 816 2497 Hor.
838 2475 870 2505 p.
893 2466 944 2497 57.
968 2465 996 2507 ξ.
1020 2466 1049 2497 6.

346 2517 368 2557 ²)
392 2515 522 2557 Quaest.
545 2516 623 2549 Hor.
644 2526 677 2557 p.
699 2518 751 2549 58.
774 2517 803 2559 ξ.
828 2519 878 2550 10.

345 2576 367 2616 ⁸)
389 2574 528 2616 Appian.
551 2575 591 2607 V.
614 2576 664 2607 95.
690 2593 726 2600 —
751 2576 815 2608 Dio
838 2576 927 2609 Cass.
950 2575 1096 2609 XLVIH.
1119 2577 1169 2608 ⁵4.
1196 2593 1232 2600 —
1257 2575 1419 2608 Plutarch.
1443 2576 1562 2609 Anton.
1585 2576 1635 2609 35.
