2012 2917
826 122 1090 193 i—13—

360 268 547 312 Horatius
575 268 675 307 enim
702 266 819 318 dicitu:

442 367 459 383 “
490 362 545 408 Ut,
576 374 658 400 eum
686 363 893 400 carceribus
910 363 1052 399 ‘missos
1077 362 1185 408 rapit
1210 361 1351 408 unyula
1378 373 1520 407 currus,

481 425 610 466 Instat
636 426 739 476 equis
766 426 904 476 awriya
930 437 1016 464 suos
1042 424 1280 471 vincentibus,
1308 424 1414 463 illum

458 491 739 540 ‚Praeteritum
768 494 932 528 temnens
961 493 1142 528 eoetremos
1169 490 1268 526 inter
1296 492 1452 527 euntem.
1475 519 1491 534 „

359 597 413 636 Et
439 596 641 646 Virgilius:

443 705 459 722 ‘⁴
490 700 545 749 Ut,
575 713 657 740 cum
685 701 893 740 carceribus
920 712 996 740 sese
1023 700 1181 750 effudere
1208 700 1421 751 quadr-ime,

486 766 644 805 Addunt
672 767 712 804 in
740 767 870 815 spatia
897 768 933 804 et
958 766 1107 814 frustra
1134 766 1343 804 retinacula
1372 766 1523 804 tendens

488 829 626 868 Fertwr
654 830 757 878 equis
785 830 922 878 auriya
947 841 1062 877 neque
1090 829 1198 866 audit
1226 841 1357 867 currus
1384 828 1548 867 habenas
1563 858 1597 874 „.

253 936 376 981 Quam
402 936 603 974 Kirchneri
632 936 861 973 sententiam
888 935 1038 973 omnino
1066 935 1203 972 falsam
1231 947 1312 972 esse
1339 935 1443 973 haud
1462 935 1732 980 contenderim,

252 999 320 1039 sed
346 999 439 1038 mihi
475 1011 556 1037 rem
597 999 813 1037 accuratius
855 997 1103 1048 perpendenti
1144 997 1353 1036 similitudo
1382 998 1517 1037 horum
1555 1010 1735 1037 versuum

251 1063 374 1111 magis
402 1075 503 1108 casu,
535 1075 649 1111 quam
678 1063 827 1100 ratione
855 1062 1022 1100 evenisse
1048 1061 1210 1107 videtur,
1241 1062 1466 1109 praesertim
1493 1074 1580 1099 cum
1608 1062 1735 1099 animo

250 1126 449 1176 utriusque
476 1129 610 1175 poetae
638 1125 882 1165 obversatum
911 1138 994 1164 esse
1020 1137 1203 1174 perquam
1231 1124 1413 1164 credibile
1441 1125 1492 1164 sit
1505 1125 1602 1163 illud
1620 1124 1732 1164 Hom.

250 1190 295 1227 ΙΙ.
328 1191 390 1228 23.
423 1191 511 1228 320.
544 1203 621 1238 seq.

472 1293 515 1340 ὃς
542 1293 584 1333 δέ
610 1309 653 1333 κε
680 1293 821 1342 κέρδεα
849 1295 932 1345 εἰδῇ
961 1291 1137 1332 ἐλαύνων
1163 1291 1334 1343 ἥσσονας
1360 1294 1514 1341 ἵππους,

471 1355 545 1394 αἰεὶ
569 1353 671 1405 τέρμ’
686 1353 816 1405 ὁρόων
843 1354 999 1406 στρέφει
1026 1352 1206 1404 ἐγγύθεν,
1236 1352 1329 1393 οὐδέ
1357 1354 1375 1393 ἑ
1400 1354 1523 1404 λήθει,

471 1415 606 1463 ὅππως
634 1415 678 1456 τὸ
706 1419 860 1467 πρῶτον
886 1415 1035 1468 τανύσῃ
1062 1415 1229 1467 βοέοισιν
1258 1417 1399 1467 ἱμᾶσιν,

470 1476 550 1519 ἀλλ’
567 1478 639 1530 ἔχει
666 1476 870 1530 ἀσφαλέως
897 1479 962 1518 καὶ
987 1477 1056 1519 τὸν
1083 1477 1306 1530 προῦχοντα
1333 1478 1495 1519 δοκεύει.

252 1584 362 1630 Quod
388 1587 432 1622 ut
460 1583 612 1621 credam
641 1596 685 1621 eo
713 1584 834 1633 magis
862 1584 1043 1630 adducor,
1074 1583 1165 1632 quia
1201 1583 1302 1621 hunc
1343 1583 1500 1623 Homeri
1538 1584 1665 1623 locum
1693 1585 1731 1622 in

252 1648 408 1686 Electra
436 1648 493 1685 ita
522 1646 727 1695 Sophocles
756 1651 815 1685 est
842 1648 1017 1685 imitatus
1045 1661 1078 1685 v.
1111 1648 1198 1685 715.
1230 1660 1306 1696 seq.

522 1775 569 1781 ---
597 1749 697 1802 ὁμοῦ
723 1751 767 1791 δέ
793 1751 933 1799 πάντες
959 1750 1257 1803 ἀναμεμιγμένοι

522 1815 706 1864 φείδοντο
732 1813 903 1864 κέντρων
930 1811 1059 1862 οὐδέν,
1088 1812 1138 1859 ὡς
1165 1812 1379 1864 ὑπερβάλοι

519 1873 637 1926 χνόας
662 1890 718 1922 τις
746 1872 880 1915 αὐτῶν
905 1874 971 1915 καὶ
998 1872 1226 1926 φρυάγμαθ’
1243 1874 1391 1915 ἱππικά.

522 1940 621 1992 ὁμοῦ
647 1940 722 1992 γὰρ
751 1940 851 1992 ἀμφὶ
876 1944 980 1981 νῶτα
1005 1942 1071 1981 καὶ
1097 1944 1246 1992 τροχῶν
1272 1941 1402 1993 βάσεις

518 2007 695 2060 ἤφριζον,
725 2007 946 2060 εἰσέβαλλον
973 2008 1126 2048 ἱππικαὶ
1151 2010 1281 2048 πνοαί.

253 2114 346 2160 Quis
373 2117 501 2153 autem
528 2113 732 2152 Horatium
756 2112 915 2152 Iliadem
943 2116 1013 2152 aut
1035 2113 1230 2152 Electram
1258 2114 1394 2163 legisse
1422 2115 1651 2165 negaverit?
1673 2118 1714 2167 ¹).

356 2178 504 2216 Primus
531 2181 661 2216 tamen
688 2189 841 2216 versus:

441 2288 457 2304 “
484 2284 558 2331 Qui
582 2284 634 2332 fit,
664 2283 878 2328 Maecenas,
908 2286 951 2321 ut
977 2295 1094 2330 nemo,
1123 2296 1238 2332 quam
1264 2284 1336 2322 sibi
1363 2288 1499 2324 sortem
1521 2315 1538 2332 „

357 2422 377 2462 ¹)
399 2420 560 2452 Frankius
582 2419 753 2452 Horatium
777 2420 811 2451 in
834 2429 883 2461 ep.
907 2421 936 2452 2.
962 2421 977 2437 “
994 2420 1114 2452 Beatus
1137 2420 1224 2462 ille„
1241 2422 1274 2453 in
1290 2422 1494 2456 celebrandis
1517 2423 1602 2456 vitae
1624 2425 1721 2457 rusti-

250 2483 308 2507 cae
329 2473 479 2506 laudibus
500 2474 658 2513 pressisse
680 2473 807 2513 Virgilii
829 2473 964 2513 vestigia
991 2473 1165 2514 contendit,
1199 2475 1256 2506 sed
1293 2476 1402 2508 nescio
1440 2486 1482 2508 an
1504 2477 1724 2517 gravissimum

251 2529 471 2568 argumentum
494 2526 545 2566 sit,
568 2535 630 2566 quo
654 2526 823 2567 quominus
846 2526 876 2557 ei
898 2525 1077 2567 credamuS,
1098 2527 1337 2569 prohibeamur,
1354 2529 1440 2569 quod
1458 2530 1528 2570 jam
1542 2530 1724 2572 Xenophon

252 2580 326 2613 Oec.
349 2581 387 2613 V.
413 2582 440 2613 1.
459 2580 536 2610 -27.
560 2579 657 2611 vitam
679 2579 832 2611 rusticam
854 2578 1107 2620 praedicaverat.
