2012 2917
905 192 1087 230 „7-

255 307 430 358 pecuniis
455 307 644 346 modicam
670 319 751 346 rem
777 307 956 356 colligere
981 306 1122 356 potuit.
1142 306 1180 344 Is
1206 305 1327 354 igitur
1335 304 1473 344 habuit
1496 318 1659 355 puerum
1686 306 1734 345 li-

256 370 505 419 beralissime,
548 374 589 410 et
626 370 664 410 ei
689 370 883 417 vestitum,
912 370 982 420 qui
997 368 1147 408 nobiles
1174 368 1327 407 deceret
1363 368 1633 416 adolescentes,
1676 373 1737 408 at-

257 446 331 483 que
358 434 455 474 adeo
480 435 710 484 pedisequos
738 433 847 472 dedit
872 435 992 481 atqm
1019 432 1102 481 ipse
1130 431 1167 469 ei

781 561 799 580 “
829 560 951 597 custos
976 557 1326 606 incorruptissimus
1352 569 1478 597 omnes

595 619 745 660 Oircwm
762 621 925 660 doctores
951 620 1088 660 aderat
1112 642 1167 652 —·
1200 622 1241 670 ¹).

361 748 471 787 Inter
510 759 606 798 quos
639 746 830 788 Orbilium
857 748 1155 798 grammaticum
1168 748 1200 798 ⁵¹)
1227 747 1346 787 fuisse
1360 751 1523 795 constat,
1544 747 1739 787 hominem

254 811 467 861 plagosum,
496 812 564 861 qui
588 812 719 861 pueris
746 812 920 851 carmina
946 812 1045 850 Livii
1058 812 1268 851 Andronici
1287 815 1327 851 et
1352 811 1511 850 Homeri
1530 812 1561 861 ⁸)
1590 812 1739 850 dictare

257 874 417 913 solebat.
445 876 651 914 Praeterea
677 876 949 925 grammaticos
969 879 1008 914 et
1030 876 1204 915 rhetores
1235 888 1341 914 more
1359 875 1464 914 illius
1482 875 1624 914 aetatis
1648 888 1738 914 eum

252 938 460 985 audivisse,
503 939 679 989 quamvis
706 938 755 978 de
793 938 898 978 hisce
943 939 1025 989 ejus
1070 939 1208 978 studiis
1259 939 1357 978 nihil
1395 939 1603 978 memoriae
1649 951 1739 989 pro-

254 1001 380 1040 ditum
407 1002 470 1049 sit,
500 1002 709 1040 verisimile
724 1005 808 1041 est.

361 1065 546 1104 Horatius
564 1065 698 1114 itaque
725 1064 911 1103 educatus
939 1068 998 1104 est
1023 1066 1169 1104 Romae
1207 1078 1254 1104 ea
1282 1069 1423 1111 aetate,
1467 1077 1547 1114 qua
1581 1065 1739 1114 quidem

254 1127 490 1176 reipublicae
517 1131 643 1166 status
670 1127 915 1166 vehementer
943 1131 1028 1166 erat
1054 1129 1223 1166 virorum
1255 1140 1493 1166 summorum
1530 1127 1598 1166 Cn.
1627 1129 1739 1166 Pom-

254 1190 343 1239 peji,
374 1190 415 1229 C.
445 1190 584 1237 Crassi,
620 1190 661 1228 C.
704 1190 782 1229 Jul.
817 1190 993 1229 Caesaris
1035 1191 1246 1229 ambitione
1282 1190 1539 1229 labefactatus
1575 1195 1615 1229 et
1651 1203 1740 1228 con-

257 1257 474 1302 quassatus.
505 1253 611 1299 Quae
637 1257 814 1302 tempora
841 1254 915 1292 etsi
941 1254 1178 1303 reipublicae
1208 1255 1405 1292 Romanae
1436 1254 1739 1304 haudquaquam

255 1315 385 1355 fausta
413 1321 452 1356 et
479 1317 607 1356 felicia
633 1317 801 1364 fuerunt,
832 1321 965 1364 tamen
997 1318 1159 1356 Horatio
1196 1321 1288 1356 nato
1327 1321 1466 1368 poetae
1494 1330 1571 1356 non
1607 1317 1741 1356 offece-

253 1381 367 1427 runt‘,
411 1393 499 1419 cum
538 1380 625 1430 ipsa
668 1383 888 1430 temporum
915 1381 1071 1420 miseria
1094 1384 1213 1431 atque
1248 1381 1372 1420 tristis
1409 1394 1560 1420 morum
1602 1381 1739 1431 depra-

254 1444 358 1482 vatio
396 1457 440 1482 eo
472 1444 666 1491 valuisset,
695 1447 740 1482 ut
778 1444 845 1482 ille
882 1444 968 1494 ipsa
1003 1445 1258 1492 institutione,
1288 1457 1366 1495 qua
1397 1457 1490 1483 usus
1517 1448 1603 1483 erat
1629 1445 1737 1491 duce,

256 1520 342 1546 eam
369 1508 636 1557 ingrederetur
649 1508 752 1546 viam
769 1507 898 1546 laudis
920 1509 1162 1557 virtutisque,
1192 1520 1271 1557 qua
1283 1511 1419 1558 postea
1433 1520 1606 1546 summus
1623 1511 1740 1558 poeta

260 1572 394 1610 evasit.
422 1572 593 1611 Accessit
622 1572 673 1610 ad
700 1584 787 1610 eam
811 1572 1106 1619 institutionem,
1137 1584 1256 1621 quam
1269 1572 1449 1619 diximus,
1470 1572 1738 1622 philosophiae

255 1636 356 1674 ratio
384 1639 423 1673 et
450 1635 713 1673 conformatio.
741 1636 899 1674 Etenim
925 1636 1063 1685 viginti
1081 1648 1203 1674 annos
1221 1639 1339 1674 natus
1374 1648 1409 1674 a.
1426 1635 1474 1674 U.
1505 1636 1595 1673 709.
1623 1636 1743 1674 Athe-

256 1711 327 1737 nas
357 1699 523 1748 migrare
551 1699 739 1737 decrevit:

446 1829 463 1847 “
496 1824 643 1865 Scilicet
670 1828 714 1865 ut
735 1829 864 1874 posset
890 1839 999 1865 curvo
1026 1826 1234 1876 diqnoscere
1260 1829 1414 1873 rectum,

496 1889 622 1938 Atque
648 1890 748 1929 inter
774 1890 890 1929 silvas
916 1889 1098 1929 Academi
1125 1903 1299 1940 quaerere
1325 1903 1452 1929 verwm
1470 1920 1487 1937 „
1514 1891 1557 1939 ⁵).

362 2016 467 2055 Clari
486 2020 617 2055 autem
634 2016 704 2055 illa
722 2020 852 2055 aetate
866 2017 1023 2056 fuerunt
1042 2017 1318 2056 Theomnestus
1336 2017 1603 2064 Academicus,
1624 2029 1739 2066 quem

255 2079 305 2118 ab
332 2080 495 2119 Horatio
523 2080 701 2119 auditum
729 2093 812 2119 esse
840 2093 888 2118 ex
914 2093 1038 2128 versu,
1068 2093 1183 2130 quem
1211 2093 1330 2130 supra
1357 2081 1592 2130 scripsimus,
1607 2080 1740 2118 verisi-

256 2144 347 2182 mile
376 2148 445 2191 est,
476 2148 515 2183 et
543 2144 751 2194 Cratippus
779 2145 1059 2194 Peripateticus
1076 2145 1120 2194 ⁴).
1155 2144 1302 2191 Quibus
1338 2144 1478 2182 studiis
1520 2156 1607 2182 cum
1640 2147 1741 2182 esset

256 2206 439 2254 intentus,
477 2208 529 2245 M.
558 2208 703 2245 Brutus
731 2211 819 2257 post
836 2219 970 2245 necem
998 2207 1039 2245 C.
1056 2207 1232 2245 Caesaris
1251 2219 1382 2245 mense
1396 2206 1615 2257 Septembri
1634 2218 1670 2244 a.
1690 2205 1738 2244 U.

260 2270 349 2308 710.
364 2271 538 2310 Athenas
565 2271 721 2321 trajecit
749 2271 931 2309 adversus
959 2283 1034 2318 eOS,
1055 2272 1123 2321 qui
1140 2270 1376 2321 reipublicae
1402 2270 1577 2309 libertati
1594 2269 1741 2308 inimici

362 2375 385 2417 ¹)
409 2375 476 2409 Sat.
498 2376 524 2409 L
546 2377 576 2409 6.
601 2378 652 2409 77.
674 2385 743 2417 seq.
766 2375 796 2409 ἀ
817 2376 842 2409 Ι.
865 2378 895 2410 4.
921 2377 993 2410 105.
1015 2385 1084 2417 seq.

361 2429 385 2471 ²)
407 2428 514 2471 Epist.
536 2429 577 2462 11.
599 2429 624 2462 Ι.
648 2431 700 2463 69.
723 2439 790 2471 seq.
816 2449 856 2455 —
880 2430 921 2463 de
945 2429 1056 2463 Orbil..
1080 2441 1109 2463 v.
1131 2429 1299 2463 Vannucci
1319 2439 1351 2471 p.
1375 2430 1448 2463 230.

363 2484 388 2524 ³)
411 2483 517 2523 Epist.
539 2484 581 2515 II.
604 2485 634 2515 2.
659 2485 711 2515 42.

364 2537 386 2576 ⁴)
409 2535 513 2576 Epist.
535 2535 576 2567 11.
599 2537 629 2567 2.
652 2537 705 2567 43.

362 2589 386 2629 ⁵)
410 2587 476 2620 Cic.
500 2587 540 2620 de
564 2587 624 2620 Off.
647 2588 672 2620 1.
698 2590 726 2620 1.
