2012 2917
873 202 1080 240 -21-

240 304 429 365 deretur„
447 339 500 347 —-
524 318 704 357 Attamen
731 316 1087 357 vocabulum-*beati
1104 329 1241 367 parum
1268 317 1465 357 convenire
1491 317 1648 367 petenti,
1662 320 1708 356 ut

215 382 377 429 ‘delatis
421 383 461 420 in
499 383 695 432 publicum
723 383 846 432 capsis
874 383 953 421 suis
981 395 1066 421 cum
1093 381 1203 424 libris
1231 382 1392 431 propriis
1425 382 1701 428 incenderetur,

240 445 449 485 Teuffelum
476 448 684 497 praeteriit.
714 446 925 486 Lambinus
943 449 1074 485 autem
1100 458 1124 484 a
1152 449 1287 484 senatu
1306 446 1384 485 sive
1402 446 1542 496 populo
1560 445 1708 484 Fannio

236 511 350 558 ultro,
379 512 403 549 i.
434 525 465 550 e.
495 525 573 550 non
599 512 745 561 petenti
772 523 916 560 capsas,
945 511 987 549 in
1013 510 1154 559 quibus
1181 511 1262 559 ejus
1287 509 1378 548 libri
1393 511 1644 549 conderentur
1664 522 1709 548 ac

236 579 488 624 servarentur,
518 576 796 625 imaginemque
824 574 873 613 ad
900 574 1122 613 memoriam
1149 574 1230 623 ejus
1257 574 1503 624 promendam
1540 573 1709 612 delatam

236 653 316 679 esse
343 641 533 679 disseruit.
577 640 651 679 Sed
679 643 867 690 quantum
894 639 934 677 id
960 652 984 677 a
1011 639 1201 687 dignitate
1219 642 1336 687 atque
1355 639 1534 677 instituto
1553 641 1708 676 senatus

235 705 440 755 populique
467 705 628 744 Romani
655 704 872 751 abhorreat,
901 702 1011 741 facile
1028 702 1266 752 intelligitur.
1289 702 1478 742 Frankius
1506 701 1658 753 quidem
1679 703 1708 753 l)

237 783 316 809 rem
343 771 399 809 ita
426 771 599 818 mutavit,
628 773 674 809 ut
701 770 856 816 diceret,
887 781 910 807 a
936 768 1048 818 plebe
1083 768 1142 806 vel
1169 781 1193 806 a
1219 768 1342 807 doctis
1379 767 1607 815 hominibus,
1645 768 1710 817 qui

236 835 365 885 inepta
391 836 527 874 Fannii
554 838 732 885 poemata
758 834 913 884 plurimi
938 832 1106 872 facerent
1125 836 1164 871 et
1182 833 1475 880 admirarentur,
1505 836 1544 871 et
1562 832 1707 871 locula-

236 903 363 938 menta
389 901 555 950 pretiosa
583 903 622 938 et
648 899 852 948 imaginem
879 897 978 936 dono
1004 897 1097 935 data
1120 900 1159 936 et
1186 897 1315 936 delata
1346 910 1438 944 esse,
1471 897 1560 936 inde
1587 896 1709 936 Hora-

235 964 343 1011 tium,
373 965 512 1014 quippe
539 965 606 1013 qui
633 976 703 1002 sua
730 963 873 1012 scripta
891 975 937 1001 ne
958 962 1059 1001 lecta
1085 961 1250 1011 quidem,
1279 961 1419 1000 nedum
1447 961 1606 1000 laudata
1623 974 1709 1000 nos-

236 1032 304 1076 set,
333 1029 520 1067 Fannium
550 1028 648 1067 salse
675 1027 953 1077 praedicavisse
978 1026 1148 1065 beatum.

343 1093 438 1132 Cum
467 1094 642 1132 omittam
668 1093 811 1139 mirari,
842 1105 916 1142 quo
944 1091 1133 1130 Frankius
1161 1092 1333 1130 rescierit
1360 1091 1474 1130 modo
1501 1091 1706 1131 Horatium

240 1158 382 1206 scripta
408 1158 543 1195 Fannii
569 1170 645 1196 non
672 1157 817 1206 legisse,
861 1159 991 1194 tamen
1031 1168 1055 1194 a
1088 1168 1147 1194 me
1187 1155 1404 1205 impetrari,
1425 1168 1499 1194 non
1539 1168 1705 1206 possum,

237 1223 437 1273 quominus
464 1223 772 1273 loquacissimum
799 1225 838 1260 et
864 1221 1141 1271 ineptissimum
1169 1224 1321 1271 poetam
1339 1245 1387 1249 —
1409 1222 1463 1260 sic
1478 1222 1577 1260 enim
1597 1221 1705 1261 scho-

236 1288 372 1326 liastae
412 1300 496 1325 eum
540 1287 734 1337 appellant
772 1309 818 1314 —
850 1286 972 1335 plebis
1000 1289 1068 1324 aut
1104 1286 1303 1325 doctorum
1338 1286 1534 1325 hominum
1572 1299 1704 1336 negem

237 1352 405 1401 potuisse
445 1365 592 1390 movere
618 1351 921 1390 admirationem.
955 1350 1171 1389 Admodum
1208 1352 1306 1389 enim
1344 1350 1584 1401 probabilem
1623 1364 1705 1390 esse

237 1416 353 1455 schol.
383 1416 744 1465 interpretationem,
773 1415 1012 1464 heredipetas
1029 1415 1165 1453 Fannii
1178 1415 1380 1466 imaginem
1397 1416 1437 1454 in
1454 1415 1708 1455 bibliothecas

238 1481 418 1519 detulisse
445 1484 537 1530 puto
565 1504 612 1508 —
641 1493 897 1530 magnumque
924 1492 970 1518 ex
996 1480 1068 1518 hoc
1095 1480 1177 1519 loco
1218 1480 1491 1519 adminiculum
1520 1481 1709 1530 ‚temporis

236 1546 314 1594 peti
341 1558 460 1595 posse,
492 1544 564 1583 sibi
591 1544 821 1583 Kirchnerus
849 1545 1048 1594 persuasit.
1072 1544 1209 1584 Totam
1223 1558 1303 1583 rem
1329 1545 1448 1595 igitur
1473 1545 1512 1583 in
1532 1557 1576 1584 eo
1595 1546 1703 1592 verti,

238 1623 403 1659 quonam
448 1610 497 1648 sit
537 1609 649 1648 modo
690 1609 849 1647 verbum
882 1609 1072 1647 deferendi
1100 1610 1363 1658 accipiendum
1399 1622 1468 1659 pro
1509 1610 1708 1659 explorato

237 1672 432 1711 habemus.
461 1673 504 1711 In
531 1686 605 1722 quo
632 1673 688 1710 ita
715 1676 818 1711 recte
844 1673 1138 1722 interpretando,
1166 1676 1210 1712 ut
1229 1673 1276 1712 de
1299 1673 1455 1724 publica
1472 1672 1709 1713 bibliotheca

237 1739 452 1789 cogitemus,
494 1738 720 1788 adjectivum
764 1737 870 1777 beati
903 1752 971 1778 nos
1016 1738 1221 1778 admodum
1243 1739 1364 1789 juvat,
1408 1739 1459 1777 ad
1500 1750 1615 1789 quam
1651 1740 1707 1778 in-

236 1804 544 1853 terpretationem
578 1816 621 1841 eo
649 1803 795 1841 facilius
824 1803 1059 1850 adducimur,
1102 1804 1203 1853 quod
1243 1816 1386 1843 morem
1412 1804 1595 1854 imagines
1621 1816 1707 1854 poe-

235 1872 362 1907 tarum
389 1872 456 1907 aut
491 1867 689 1906 doctorum
729 1869 895 1907 virorum
936 1869 1142 1907 viventium
1181 1869 1220 1906 in
1260 1868 1505 1908 bibliothecis
1545 1869 1707 1919 ponendi

236 1936 324 1971 ante
351 1932 561 1981 exemplum
588 1944 612 1969 a
629 1932 797 1971 Pollione
828 1932 1064 1982 propositum
1091 1945 1166 1971 non
1187 1933 1390 1972 invaluisse
1409 1936 1570 1972 constat.
1592 1933 1708 1983 Cujus

236 1997 289 2035 rei
316 1996 411 2033 Plin.
441 1996 539 2033 Hist.
569 2009 601 2032 n.
631 1996 785 2033 XXXV.
815 2000 949 2034 auctor
976 1999 1034 2034 est
1075 1996 1221 2034 dicens:
1258 1996 1379 2035 Asinii
1415 1997 1595 2035 Pollionis
1636 1997 1707 2035 hoc

235 2061 375 2100 Romae
401 2060 606 2107 inventum,
637 2061 703 2110 qui
729 2060 874 2110 primus
902 2059 1176 2100 bibliothecam
1204 2061 1365 2101 dicando
1393 2061 1544 2111 ingenia
1584 2061 1705 2101 homi-

238 2139 328 2164 num
356 2138 434 2163 rem
461 2124 653 2174 publicam
695 2125 795 2163 fecit.
832 2125 927 2163 Dein
961 2125 1108 2164 Plinius
1148 2126 1248 2164 idem
1289 2125 1406 2179 (Hist.
1435 2140 1471 2165 n.
1501 2125 1584 2164 VH.
1624 2125 1705 2177 31.)

236 2190 285 2228 M.
316 2189 475 2228 Varonis
503 2189 541 2227 in
568 2188 813 2237 bibliotheca,
844 2203 942 2240 quae
968 2190 1091 2240 prima
1117 2191 1157 2229 in
1186 2191 1277 2230 orbe
1296 2191 1345 2230 ab
1365 2191 1510 2230 Asiniio
1531 2191 1703 2231 Pollione

236 2268 280 2293 ex
308 2254 496 2292 manubiis
524 2255 665 2292 Romae
685 2258 743 2292 est
771 2254 978 2303 publicata,
998 2255 1110 2293 unius
1137 2256 1296 2295 viventis
1323 2257 1488 2306 positam
1506 2269 1587 2295 esse
1613 2256 1706 2295 ima-

235 2319 357 2368 ginem
375 2318 493 2356 docet.
513 2318 626 2356 Plinii
645 2320 855 2358 auctoritas
868 2320 986 2369 igitur
1001 2319 1142 2367 obstat,
1159 2321 1358 2370 quominus
1373 2320 1575 2367 Wielandi‚
1593 2320 1717 2359 Heia--

236 2382 355 2429 dorfii,
399 2382 579 2429 Passovii,
609 2384 674 2432 qui
715 2383 815 2422 hunc
850 2385 975 2434 locum
1000 2384 1047 2422 de
1088 2385 1208 2422 Asinii
1249 2385 1430 2423 Pollionis
1472 2384 1708 2424 bibliotheca

237 2446 399 2498 publica,
430 2459 543 2496 quam
571 2460 668 2486 anno
699 2449 785 2488 716.
815 2449 934 2488 redux
960 2448 1083 2487 factus
1111 2445 1160 2488 ex'
1184 2449 1423 2499 expeditione
1448 2450 1488 2488 in
1501 2449 1706 2489 Parthinos

236 2512 427 2558 instruxit,
456 2512 1260 2561 interpretatisunt,accedamsententiae,
1291 2515 1464 2564 quamvis
1482 2515 1592 2554 illum
1610 2515 1708 2554 tales

345 2663 364 2706 ¹)
388 2662 476 2696 Fast.
499 2662 611 2696 Horat.
634 2672 666 2706 p.
691 2666 741 2698 95.
