<?xml version="1.0" encoding="UTF-8"?>
<!DOCTYPE html PUBLIC "-//W3C//DTD XHTML 1.0 Transitional//EN"
    "http://www.w3.org/TR/xhtml1/DTD/xhtml1-transitional.dtd">
<html xmlns="http://www.w3.org/1999/xhtml" xml:lang="en" lang="en">
 <head>
  <title>
</title>
<meta http-equiv="Content-Type" content="text/html;charset=utf-8" />
  <meta name='ocr-system' content='tesseract 3.04.00' />
  <meta name='ocr-capabilities' content='ocr_page ocr_carea ocr_par ocr_line ocrx_word'/>
</head>
<body>
  <div class='ocr_page' id='page_1' title='image "4621489_0022.png"; bbox 0 0 2012 2917; ppageno 0'>
   <div class='ocr_carea' id='block_1_1' title="bbox 904 171 1110 209">
    <p class='ocr_par' dir='ltr' id='par_1_1' title="bbox 904 171 1110 209">
     <span class='ocr_line' id='line_1_1' title="bbox 904 171 1110 209; baseline 0.005 -11"><span class='ocrx_word' id='word_1_1' title='bbox 904 171 1110 209; x_wconf 77' lang='grc'><strong>..16-</strong></span> 
     </span>
    </p>
   </div>
   <div class='ocr_carea' id='block_1_2' title="bbox 262 282 1751 655">
    <p class='ocr_par' dir='ltr' id='par_1_2' title="bbox 262 282 1751 655">
     <span class='ocr_line' id='line_1_2' title="bbox 369 282 1751 334; baseline 0.004 -13"><span class='ocrx_word' id='word_1_2' title='bbox 369 282 490 329; x_wconf 84' lang='lat' dir='ltr'>Quem</span> <span class='ocrx_word' id='word_1_3' title='bbox 519 283 724 333; x_wconf 85' lang='lat' dir='ltr'>Tigellium</span> <span class='ocrx_word' id='word_1_4' title='bbox 752 286 924 334; x_wconf 84' lang='lat' dir='ltr'><strong>proxime</strong></span> <span class='ocrx_word' id='word_1_5' title='bbox 952 286 1178 325; x_wconf 86' lang='lat' dir='ltr'>defunctum</span> <span class='ocrx_word' id='word_1_6' title='bbox 1214 287 1420 326; x_wconf 80' lang='lat' dir='ltr'><strong>Horatium</strong></span> <span class='ocrx_word' id='word_1_7' title='bbox 1457 288 1497 325; x_wconf 90' lang='lat' dir='ltr'>in</span> <span class='ocrx_word' id='word_1_8' title='bbox 1525 287 1666 326; x_wconf 72' lang='lat' dir='ltr'>satirae</span> <span class='ocrx_word' id='word_1_9' title='bbox 1693 299 1751 325; x_wconf 83' lang='lat' dir='ltr'>se-</span> 
     </span>
     <span class='ocr_line' id='line_1_3' title="bbox 263 346 1751 396; baseline 0.003 -11"><span class='ocrx_word' id='word_1_10' title='bbox 263 346 411 386; x_wconf 87' lang='lat' dir='ltr'>cundae</span> <span class='ocrx_word' id='word_1_11' title='bbox 438 347 549 386; x_wconf 91' lang='lat' dir='ltr'>initio</span> <span class='ocrx_word' id='word_1_12' title='bbox 577 347 712 396; x_wconf 83' lang='lat' dir='ltr'>dicere,</span> <span class='ocrx_word' id='word_1_13' title='bbox 742 349 782 387; x_wconf 93' lang='lat' dir='ltr'>in</span> <span class='ocrx_word' id='word_1_14' title='bbox 809 349 927 388; x_wconf 84' lang='lat' dir='ltr'>tertia</span> <span class='ocrx_word' id='word_1_15' title='bbox 954 362 1043 389; x_wconf 85' lang='lat' dir='ltr'>vero</span> <span class='ocrx_word' id='word_1_16' title='bbox 1070 353 1115 389; x_wconf 92' lang='lat' dir='ltr'>ut</span> <span class='ocrx_word' id='word_1_17' title='bbox 1156 350 1301 389; x_wconf 89' lang='lat' dir='ltr'>dudum</span> <span class='ocrx_word' id='word_1_18' title='bbox 1338 351 1481 390; x_wconf 91' lang='lat' dir='ltr'>mortui</span> <span class='ocrx_word' id='word_1_19' title='bbox 1521 351 1751 390; x_wconf 80' lang='lat' dir='ltr'>mentionem</span> 
     </span>
     <span class='ocr_line' id='line_1_4' title="bbox 262 412 1750 463; baseline 0.003 -13"><span class='ocrx_word' id='word_1_20' title='bbox 262 412 387 451; x_wconf 90' lang='lat' dir='ltr'>facere</span> <span class='ocrx_word' id='word_1_21' title='bbox 423 425 533 451; x_wconf 91' lang='lat' dir='ltr'>nemo</span> <span class='ocrx_word' id='word_1_22' title='bbox 559 416 629 460; x_wconf 91' lang='lat' dir='ltr'>est,</span> <span class='ocrx_word' id='word_1_23' title='bbox 674 414 767 463; x_wconf 91' lang='lat' dir='ltr'>quin</span> <span class='ocrx_word' id='word_1_24' title='bbox 805 414 945 453; x_wconf 88' lang='lat' dir='ltr'>videat.</span> <span class='ocrx_word' id='word_1_25' title='bbox 967 444 971 448; x_wconf 96' lang='lat'>.</span> <span class='ocrx_word' id='word_1_26' title='bbox 992 414 1098 461; x_wconf 86' lang='lat' dir='ltr'>Quae</span> <span class='ocrx_word' id='word_1_27' title='bbox 1139 414 1211 454; x_wconf 92' lang='lat' dir='ltr'>hoc</span> <span class='ocrx_word' id='word_1_28' title='bbox 1239 415 1324 454; x_wconf 91' lang='lat' dir='ltr'>loco</span> <span class='ocrx_word' id='word_1_29' title='bbox 1352 415 1613 454; x_wconf 85' lang='lat' dir='ltr'>observavisse</span> <span class='ocrx_word' id='word_1_30' title='bbox 1654 416 1750 455; x_wconf 87' lang='lat' dir='ltr'>satis</span> 
     </span>
     <span class='ocr_line' id='line_1_5' title="bbox 262 476 1750 529; baseline 0.003 -15"><span class='ocrx_word' id='word_1_31' title='bbox 262 476 398 523; x_wconf 85' lang='lat' dir='ltr'>habeo,</span> <span class='ocrx_word' id='word_1_32' title='bbox 429 488 515 514; x_wconf 91' lang='lat' dir='ltr'>cum</span> <span class='ocrx_word' id='word_1_33' title='bbox 543 477 591 515; x_wconf 89' lang='lat' dir='ltr'>de</span> <span class='ocrx_word' id='word_1_34' title='bbox 620 477 780 526; x_wconf 88' lang='lat' dir='ltr'>Tigellio</span> <span class='ocrx_word' id='word_1_35' title='bbox 807 478 883 517; x_wconf 90' lang='lat' dir='ltr'>alio</span> <span class='ocrx_word' id='word_1_36' title='bbox 911 479 994 518; x_wconf 92' lang='lat' dir='ltr'>loco</span> <span class='ocrx_word' id='word_1_37' title='bbox 1023 480 1284 529; x_wconf 89' lang='lat' dir='ltr'>quaestionem</span> <span class='ocrx_word' id='word_1_38' title='bbox 1319 479 1521 517; x_wconf 76' lang='lat' dir='ltr'>instituere</span> <span class='ocrx_word' id='word_1_39' title='bbox 1557 479 1596 517; x_wconf 92' lang='lat' dir='ltr'>in</span> <span class='ocrx_word' id='word_1_40' title='bbox 1624 481 1750 518; x_wconf 90' lang='lat' dir='ltr'>animo</span> 
     </span>
     <span class='ocr_line' id='line_1_6' title="bbox 262 539 1749 593; baseline 0.003 -15"><span class='ocrx_word' id='word_1_41' title='bbox 262 540 325 578; x_wconf 88' lang='lat' dir='ltr'>sit.</span> <span class='ocrx_word' id='word_1_42' title='bbox 356 539 440 586; x_wconf 86' lang='lat' dir='ltr'>Quo</span> <span class='ocrx_word' id='word_1_43' title='bbox 468 553 556 579; x_wconf 88' lang='lat' dir='ltr'>vero</span> <span class='ocrx_word' id='word_1_44' title='bbox 584 543 684 579; x_wconf 90' lang='lat' dir='ltr'>an&#39;no</span> <span class='ocrx_word' id='word_1_45' title='bbox 712 541 861 589; x_wconf 89' lang='lat' dir='ltr'>obierit,</span> <span class='ocrx_word' id='word_1_46' title='bbox 890 556 936 581; x_wconf 89' lang='lat' dir='ltr'>ex</span> <span class='ocrx_word' id='word_1_47' title='bbox 961 543 1102 581; x_wconf 84' lang='lat' dir='ltr'>satirae</span> <span class='ocrx_word' id='word_1_48' title='bbox 1121 543 1235 592; x_wconf 89' lang='lat' dir='ltr'>hujus</span> <span class='ocrx_word' id='word_1_49' title='bbox 1254 555 1365 582; x_wconf 86' lang='lat' dir='ltr'>versu</span> <span class='ocrx_word' id='word_1_50' title='bbox 1384 543 1446 581; x_wconf 82' lang='lat'>25.</span> <span class='ocrx_word' id='word_1_51' title='bbox 1468 543 1645 592; x_wconf 87' lang='lat' dir='ltr'>colligere</span> <span class='ocrx_word' id='word_1_52' title='bbox 1663 555 1749 593; x_wconf 87' lang='lat' dir='ltr'>pos-</span> 
     </span>
     <span class='ocr_line' id='line_1_7' title="bbox 264 605 1502 655; baseline 0.002 -14"><span class='ocrx_word' id='word_1_53' title='bbox 264 617 406 642; x_wconf 82' lang='lat' dir='ltr'>sumus.</span> <span class='ocrx_word' id='word_1_54' title='bbox 436 605 581 652; x_wconf 85' lang='lat' dir='ltr'>Insigni</span> <span class='ocrx_word' id='word_1_55' title='bbox 609 606 709 642; x_wconf 91' lang='lat' dir='ltr'>enim</span> <span class='ocrx_word' id='word_1_56' title='bbox 738 605 810 643; x_wconf 93' lang='lat' dir='ltr'>hoc</span> <span class='ocrx_word' id='word_1_57' title='bbox 837 619 948 644; x_wconf 89' lang='lat' dir='ltr'>versu</span> <span class='ocrx_word' id='word_1_58' title='bbox 977 607 1026 644; x_wconf 88' lang='lat' dir='ltr'>ad</span> <span class='ocrx_word' id='word_1_59' title='bbox 1055 610 1206 655; x_wconf 89' lang='lat' dir='ltr'>tempus</span> <span class='ocrx_word' id='word_1_60' title='bbox 1234 606 1502 645; x_wconf 85' lang='lat' dir='ltr'>difiniendum:</span> 
     </span>
    </p>
   </div>
   <div class='ocr_carea' id='block_1_3' title="bbox 578 688 1419 738">
    <p class='ocr_par' dir='ltr' id='par_1_3' title="bbox 578 688 1419 738">
     <span class='ocr_line' id='line_1_8' title="bbox 578 688 1419 738; baseline 0.002 -11"><span class='ocrx_word' id='word_1_61' title='bbox 578 693 593 709; x_wconf 85' lang='lat'>“</span> <span class='ocrx_word' id='word_1_62' title='bbox 613 688 829 728; x_wconf 70' lang='lat' dir='ltr'>Malthinus</span> <span class='ocrx_word' id='word_1_63' title='bbox 859 690 996 729; x_wconf 74' lang='lat' dir='ltr'>tunicis</span> <span class='ocrx_word' id='word_1_64' title='bbox 1014 690 1185 729; x_wconf 68' lang='lat' dir='ltr'>demissis</span> <span class='ocrx_word' id='word_1_65' title='bbox 1213 691 1384 730; x_wconf 75' lang='lat' dir='ltr'>ambulat</span> <span class='ocrx_word' id='word_1_66' title='bbox 1403 722 1419 738; x_wconf 93' lang='lat'>‚,</span> 
     </span>
    </p>
   </div>
   <div class='ocr_carea' id='block_1_4' title="bbox 259 774 1752 2293">
    <p class='ocr_par' dir='ltr' id='par_1_4' title="bbox 259 774 1752 2293">
     <span class='ocr_line' id='line_1_9' title="bbox 368 774 1747 826; baseline 0.001 -15"><span class='ocrx_word' id='word_1_67' title='bbox 368 774 629 812; x_wconf 79' lang='lat' dir='ltr'>Maecenatem</span> <span class='ocrx_word' id='word_1_68' title='bbox 648 776 755 823; x_wconf 87' lang='lat' dir='ltr'>tangi</span> <span class='ocrx_word' id='word_1_69' title='bbox 776 778 814 812; x_wconf 93' lang='lat' dir='ltr'>et</span> <span class='ocrx_word' id='word_1_70' title='bbox 834 775 939 824; x_wconf 86' lang='lat' dir='ltr'>carpi</span> <span class='ocrx_word' id='word_1_71' title='bbox 960 775 1190 813; x_wconf 80' lang='lat' dir='ltr'>scholiastae</span> <span class='ocrx_word' id='word_1_72' title='bbox 1208 777 1415 814; x_wconf 88' lang='lat' dir='ltr'>memoriae</span> <span class='ocrx_word' id='word_1_73' title='bbox 1433 776 1685 825; x_wconf 88' lang='lat' dir='ltr'>prodiderunt</span> <span class='ocrx_word' id='word_1_74' title='bbox 1705 779 1747 826; x_wconf 82' lang='lat'>¹).</span> 
     </span>
     <span class='ocr_line' id='line_1_10' title="bbox 263 822 1750 891; baseline 0.003 -15"><span class='ocrx_word' id='word_1_75' title='bbox 263 837 385 877; x_wconf 88' lang='lat' dir='ltr'>Schol.</span> <span class='ocrx_word' id='word_1_76' title='bbox 406 838 542 888; x_wconf 87' lang='lat' dir='ltr'>Cruq.:</span> <span class='ocrx_word' id='word_1_77' title='bbox 564 838 766 877; x_wconf 84' lang='lat' dir='ltr'>“Malthini</span> <span class='ocrx_word' id='word_1_78' title='bbox 794 840 946 878; x_wconf 92' lang='lat' dir='ltr'>nomine</span> <span class='ocrx_word' id='word_1_79' title='bbox 974 822 1132 889; x_wconf 74' lang='lat' dir='ltr'>qu¹idam</span> <span class='ocrx_word' id='word_1_80' title='bbox 1161 840 1422 880; x_wconf 85' lang='lat' dir='ltr'>Maecenatem</span> <span class='ocrx_word' id='word_1_81' title='bbox 1455 839 1661 891; x_wconf 89' lang='lat' dir='ltr'>significari</span> <span class='ocrx_word' id='word_1_82' title='bbox 1689 854 1750 880; x_wconf 88' lang='lat' dir='ltr'>su-</span> 
     </span>
     <span class='ocr_line' id='line_1_11' title="bbox 260 903 1752 955; baseline 0.003 -15"><span class='ocrx_word' id='word_1_83' title='bbox 260 903 470 952; x_wconf 86' lang='lat' dir='ltr'>spicantur.</span> <span class='ocrx_word' id='word_1_84' title='bbox 493 903 526 940; x_wconf 93' lang='lat' dir='ltr'><strong>A</strong></span> <span class='ocrx_word' id='word_1_85' title='bbox 553 916 594 940; x_wconf 92' lang='lat' dir='ltr'>re</span> <span class='ocrx_word' id='word_1_86' title='bbox 622 906 752 941; x_wconf 89' lang='lat' dir='ltr'>autem</span> <span class='ocrx_word' id='word_1_87' title='bbox 767 904 852 952; x_wconf 90' lang='lat' dir='ltr'>ipsa</span> <span class='ocrx_word' id='word_1_88' title='bbox 870 903 1001 942; x_wconf 89' lang='lat' dir='ltr'>fictum</span> <span class='ocrx_word' id='word_1_89' title='bbox 1021 908 1080 942; x_wconf 90' lang='lat' dir='ltr'>est</span> <span class='ocrx_word' id='word_1_90' title='bbox 1098 917 1254 942; x_wconf 90' lang='lat' dir='ltr'>nomen:</span> <span class='ocrx_word' id='word_1_91' title='bbox 1287 903 1488 954; x_wconf 63' lang='grc' dir='ltr'>μαλθακὸς</span> <span class='ocrx_word' id='word_1_92' title='bbox 1515 908 1555 942; x_wconf 92' lang='lat' dir='ltr'>et</span> <span class='ocrx_word' id='word_1_93' title='bbox 1581 903 1752 955; x_wconf 81' lang='grc' dir='ltr'><strong><em>μαλακὸς</em></strong></span> 
     </span>
     <span class='ocr_line' id='line_1_12' title="bbox 261 966 1751 1015; baseline 0.001 -11"><span class='ocrx_word' id='word_1_94' title='bbox 261 966 362 1004; x_wconf 89' lang='lat' dir='ltr'>idem</span> <span class='ocrx_word' id='word_1_95' title='bbox 391 970 450 1004; x_wconf 87' lang='lat' dir='ltr'>est</span> <span class='ocrx_word' id='word_1_96' title='bbox 478 966 581 1015; x_wconf 87' lang='lat' dir='ltr'>quod</span> <span class='ocrx_word' id='word_1_97' title='bbox 608 966 734 1005; x_wconf 90' lang='lat' dir='ltr'>mollis</span> <span class='ocrx_word' id='word_1_98' title='bbox 762 971 801 1005; x_wconf 91' lang='lat' dir='ltr'>et</span> <span class='ocrx_word' id='word_1_99' title='bbox 830 967 1031 1005; x_wconf 86' lang='lat' dir='ltr'>delicatus.</span> <span class='ocrx_word' id='word_1_100' title='bbox 1062 968 1182 1006; x_wconf 89' lang='lat' dir='ltr'>Porro</span> <span class='ocrx_word' id='word_1_101' title='bbox 1210 970 1340 1005; x_wconf 91' lang='lat' dir='ltr'>autem</span> <span class='ocrx_word' id='word_1_102' title='bbox 1380 967 1536 1005; x_wconf 92' lang='lat' dir='ltr'>Tunicis</span> <span class='ocrx_word' id='word_1_103' title='bbox 1578 967 1751 1005; x_wconf 88' lang='lat' dir='ltr'>demissis</span> 
     </span>
     <span class='ocr_line' id='line_1_13' title="bbox 261 1029 1746 1079; baseline 0.001 -12"><span class='ocrx_word' id='word_1_104' title='bbox 261 1029 462 1068; x_wconf 90' lang='lat' dir='ltr'>ambulare</span> <span class='ocrx_word' id='word_1_105' title='bbox 490 1043 620 1068; x_wconf 90' lang='lat' dir='ltr'>eorum</span> <span class='ocrx_word' id='word_1_106' title='bbox 649 1034 718 1076; x_wconf 87' lang='lat' dir='ltr'>est,</span> <span class='ocrx_word' id='word_1_107' title='bbox 749 1031 815 1079; x_wconf 90' lang='lat' dir='ltr'>qui</span> <span class='ocrx_word' id='word_1_108' title='bbox 844 1044 883 1069; x_wconf 93' lang='lat' dir='ltr'>se</span> <span class='ocrx_word' id='word_1_109' title='bbox 924 1031 1059 1069; x_wconf 91' lang='lat' dir='ltr'>molles</span> <span class='ocrx_word' id='word_1_110' title='bbox 1101 1035 1140 1069; x_wconf 92' lang='lat' dir='ltr'>et</span> <span class='ocrx_word' id='word_1_111' title='bbox 1177 1031 1363 1068; x_wconf 85' lang='lat' dir='ltr'>delicatos</span> <span class='ocrx_word' id='word_1_112' title='bbox 1403 1030 1537 1069; x_wconf 87' lang='lat' dir='ltr'>haberi</span> <span class='ocrx_word' id='word_1_113' title='bbox 1564 1031 1709 1069; x_wconf 88' lang='lat' dir='ltr'>volunt.</span> <span class='ocrx_word' id='word_1_114' title='bbox 1730 1060 1746 1077; x_wconf 88' lang='lat'>„</span> 
     </span>
     <span class='ocr_line' id='line_1_14' title="bbox 261 1093 1750 1144; baseline 0.001 -13"><span class='ocrx_word' id='word_1_115' title='bbox 261 1093 402 1132; x_wconf 89' lang='lat' dir='ltr'>Acron:</span> <span class='ocrx_word' id='word_1_116' title='bbox 425 1094 606 1132; x_wconf 88' lang='lat' dir='ltr'>“Tunicis</span> <span class='ocrx_word' id='word_1_117' title='bbox 626 1094 811 1142; x_wconf 87' lang='lat' dir='ltr'>demissis,</span> <span class='ocrx_word' id='word_1_118' title='bbox 823 1098 869 1133; x_wconf 89' lang='lat' dir='ltr'>ut</span> <span class='ocrx_word' id='word_1_119' title='bbox 884 1095 959 1133; x_wconf 92' lang='lat' dir='ltr'>sibi</span> <span class='ocrx_word' id='word_1_120' title='bbox 978 1094 1160 1133; x_wconf 89' lang='lat' dir='ltr'>honestus</span> <span class='ocrx_word' id='word_1_121' title='bbox 1179 1095 1364 1133; x_wconf 88' lang='lat' dir='ltr'>videatur.</span> <span class='ocrx_word' id='word_1_122' title='bbox 1385 1094 1606 1144; x_wconf 85' lang='lat' dir='ltr'>Composuit</span> <span class='ocrx_word' id='word_1_123' title='bbox 1621 1098 1750 1133; x_wconf 87' lang='lat' dir='ltr'>autem</span> 
     </span>
     <span class='ocr_line' id='line_1_15' title="bbox 261 1157 1752 1208; baseline 0.001 -14"><span class='ocrx_word' id='word_1_124' title='bbox 261 1169 400 1195; x_wconf 91' lang='lat' dir='ltr'>nomen</span> <span class='ocrx_word' id='word_1_125' title='bbox 428 1158 539 1206; x_wconf 87' lang='lat' dir='ltr'>quasi</span> <span class='ocrx_word' id='word_1_126' title='bbox 567 1170 591 1195; x_wconf 86' lang='lat' dir='ltr'>a</span> <span class='ocrx_word' id='word_1_127' title='bbox 619 1157 791 1208; x_wconf 81' lang='grc' dir='ltr'><strong><em>μαλακὸς</em></strong></span> <span class='ocrx_word' id='word_1_128' title='bbox 829 1159 1053 1196; x_wconf 90' lang='lat' dir='ltr'>Malthinus.</span> <span class='ocrx_word' id='word_1_129' title='bbox 1080 1159 1341 1196; x_wconf 88' lang='lat' dir='ltr'>Maecenatem</span> <span class='ocrx_word' id='word_1_130' title='bbox 1378 1159 1523 1206; x_wconf 87' lang='lat' dir='ltr'>tangit:</span> <span class='ocrx_word' id='word_1_131' title='bbox 1558 1159 1752 1196; x_wconf 88' lang='lat' dir='ltr'>varicosus</span> 
     </span>
     <span class='ocr_line' id='line_1_16' title="bbox 262 1221 1752 1272; baseline 0.001 -14"><span class='ocrx_word' id='word_1_132' title='bbox 262 1221 363 1258; x_wconf 91' lang='lat' dir='ltr'>enim</span> <span class='ocrx_word' id='word_1_133' title='bbox 391 1221 476 1267; x_wconf 80' lang='lat' dir='ltr'>fuit,</span> <span class='ocrx_word' id='word_1_134' title='bbox 507 1221 706 1259; x_wconf 88' lang='lat' dir='ltr'>delicatior</span> <span class='ocrx_word' id='word_1_135' title='bbox 736 1225 774 1259; x_wconf 93' lang='lat' dir='ltr'>et</span> <span class='ocrx_word' id='word_1_136' title='bbox 801 1222 962 1260; x_wconf 88' lang='lat' dir='ltr'>solutus.</span> <span class='ocrx_word' id='word_1_137' title='bbox 979 1224 1011 1272; x_wconf 63' lang='grc'>9)</span> <span class='ocrx_word' id='word_1_138' title='bbox 1031 1251 1047 1267; x_wconf 85' lang='lat'>„</span> <span class='ocrx_word' id='word_1_139' title='bbox 1081 1221 1240 1271; x_wconf 88' lang='lat' dir='ltr'>Porph.:</span> <span class='ocrx_word' id='word_1_140' title='bbox 1268 1221 1370 1260; x_wconf 84' lang='lat' dir='ltr'>“Sub</span> <span class='ocrx_word' id='word_1_141' title='bbox 1401 1221 1583 1259; x_wconf 88' lang='lat' dir='ltr'>Malthini</span> <span class='ocrx_word' id='word_1_142' title='bbox 1602 1221 1752 1260; x_wconf 90' lang='lat' dir='ltr'>nomine</span> 
     </span>
     <span class='ocr_line' id='line_1_17' title="bbox 261 1284 1747 1334; baseline 0 -12"><span class='ocrx_word' id='word_1_143' title='bbox 261 1284 419 1333; x_wconf 90' lang='lat' dir='ltr'>quidam</span> <span class='ocrx_word' id='word_1_144' title='bbox 452 1285 713 1323; x_wconf 80' lang='lat' dir='ltr'>Maecenatem</span> <span class='ocrx_word' id='word_1_145' title='bbox 760 1286 1006 1334; x_wconf 89' lang='lat' dir='ltr'>suspicantur</span> <span class='ocrx_word' id='word_1_146' title='bbox 1049 1285 1265 1334; x_wconf 85' lang='lat' dir='ltr'>significari,</span> <span class='ocrx_word' id='word_1_147' title='bbox 1309 1298 1332 1323; x_wconf 89' lang='lat' dir='ltr'>a</span> <span class='ocrx_word' id='word_1_148' title='bbox 1375 1298 1416 1323; x_wconf 88' lang='lat' dir='ltr'>re</span> <span class='ocrx_word' id='word_1_149' title='bbox 1454 1289 1585 1323; x_wconf 88' lang='lat' dir='ltr'>tamen</span> <span class='ocrx_word' id='word_1_150' title='bbox 1612 1284 1747 1323; x_wconf 87' lang='lat' dir='ltr'>finxit:</span> 
     </span>
     <span class='ocr_line' id='line_1_18' title="bbox 261 1346 1750 1400; baseline -0.001 -13"><span class='ocrx_word' id='word_1_151' title='bbox 261 1346 464 1399; x_wconf 65' lang='grc' dir='ltr'>μαλθακὸς</span> <span class='ocrx_word' id='word_1_152' title='bbox 484 1348 583 1386; x_wconf 91' lang='lat' dir='ltr'>enim</span> <span class='ocrx_word' id='word_1_153' title='bbox 603 1349 714 1397; x_wconf 88' lang='lat' dir='ltr'>quasi</span> <span class='ocrx_word' id='word_1_154' title='bbox 733 1347 905 1400; x_wconf 83' lang='grc' dir='ltr'><strong><em>μαλακὸς</em></strong></span> <span class='ocrx_word' id='word_1_155' title='bbox 933 1349 1086 1387; x_wconf 86' lang='lat' dir='ltr'>dicitur.</span> <span class='ocrx_word' id='word_1_156' title='bbox 1117 1349 1235 1387; x_wconf 90' lang='lat' dir='ltr'>Porro</span> <span class='ocrx_word' id='word_1_157' title='bbox 1264 1352 1395 1386; x_wconf 92' lang='lat' dir='ltr'>autem</span> <span class='ocrx_word' id='word_1_158' title='bbox 1414 1349 1554 1386; x_wconf 89' lang='lat' dir='ltr'>tunicis</span> <span class='ocrx_word' id='word_1_159' title='bbox 1577 1348 1750 1386; x_wconf 89' lang='lat' dir='ltr'>demissis</span> 
     </span>
     <span class='ocr_line' id='line_1_19' title="bbox 262 1411 1750 1461; baseline 0.001 -12"><span class='ocrx_word' id='word_1_160' title='bbox 262 1411 464 1450; x_wconf 89' lang='lat' dir='ltr'>ambulare</span> <span class='ocrx_word' id='word_1_161' title='bbox 492 1425 624 1451; x_wconf 89' lang='lat' dir='ltr'>eorum</span> <span class='ocrx_word' id='word_1_162' title='bbox 653 1417 721 1459; x_wconf 83' lang='lat' dir='ltr'>est,</span> <span class='ocrx_word' id='word_1_163' title='bbox 739 1412 805 1461; x_wconf 91' lang='lat' dir='ltr'>qui</span> <span class='ocrx_word' id='word_1_164' title='bbox 825 1426 864 1450; x_wconf 90' lang='lat' dir='ltr'>se</span> <span class='ocrx_word' id='word_1_165' title='bbox 884 1413 1018 1451; x_wconf 90' lang='lat' dir='ltr'>molles</span> <span class='ocrx_word' id='word_1_166' title='bbox 1038 1425 1083 1451; x_wconf 89' lang='lat' dir='ltr'>ac</span> <span class='ocrx_word' id='word_1_167' title='bbox 1110 1413 1294 1451; x_wconf 90' lang='lat' dir='ltr'>delicatos</span> <span class='ocrx_word' id='word_1_168' title='bbox 1314 1412 1448 1451; x_wconf 91' lang='lat' dir='ltr'>haberi</span> <span class='ocrx_word' id='word_1_169' title='bbox 1475 1412 1620 1451; x_wconf 87' lang='lat' dir='ltr'>volunt.</span> <span class='ocrx_word' id='word_1_170' title='bbox 1633 1442 1649 1458; x_wconf 89' lang='lat'>„</span> <span class='ocrx_word' id='word_1_171' title='bbox 1673 1412 1750 1450; x_wconf 91' lang='lat' dir='ltr'>Nec</span> 
     </span>
     <span class='ocr_line' id='line_1_20' title="bbox 261 1476 1749 1526; baseline 0 -13"><span class='ocrx_word' id='word_1_172' title='bbox 261 1477 542 1525; x_wconf 89' lang='lat' dir='ltr'>praetereunda</span> <span class='ocrx_word' id='word_1_173' title='bbox 561 1481 619 1515; x_wconf 93' lang='lat' dir='ltr'>est</span> <span class='ocrx_word' id='word_1_174' title='bbox 639 1477 776 1515; x_wconf 91' lang='lat' dir='ltr'>Acron.</span> <span class='ocrx_word' id='word_1_175' title='bbox 793 1476 844 1514; x_wconf 87' lang='lat' dir='ltr'>ad</span> <span class='ocrx_word' id='word_1_176' title='bbox 864 1476 944 1515; x_wconf 89' lang='lat' dir='ltr'>Sat.</span> <span class='ocrx_word' id='word_1_177' title='bbox 961 1478 989 1514; x_wconf 93' lang='lat' dir='ltr'>I.</span> <span class='ocrx_word' id='word_1_178' title='bbox 1012 1478 1044 1514; x_wconf 79' lang='lat'>2.</span> <span class='ocrx_word' id='word_1_179' title='bbox 1066 1491 1099 1514; x_wconf 93' lang='lat' dir='ltr'>v.</span> <span class='ocrx_word' id='word_1_180' title='bbox 1122 1478 1184 1515; x_wconf 81' lang='lat'>64.</span> <span class='ocrx_word' id='word_1_181' title='bbox 1203 1477 1359 1526; x_wconf 90' lang='lat' dir='ltr'>(Villius</span> <span class='ocrx_word' id='word_1_182' title='bbox 1386 1477 1425 1514; x_wconf 89' lang='lat' dir='ltr'>in</span> <span class='ocrx_word' id='word_1_183' title='bbox 1454 1477 1616 1526; x_wconf 87' lang='lat' dir='ltr'>Fausta)</span> <span class='ocrx_word' id='word_1_184' title='bbox 1633 1488 1749 1514; x_wconf 88' lang='lat' dir='ltr'>anno-</span> 
     </span>
     <span class='ocr_line' id='line_1_21' title="bbox 261 1539 1750 1590; baseline -0.001 -12"><span class='ocrx_word' id='word_1_185' title='bbox 261 1540 379 1578; x_wconf 87' lang='lat' dir='ltr'>tatio:</span> <span class='ocrx_word' id='word_1_186' title='bbox 407 1539 587 1590; x_wconf 87' lang='lat' dir='ltr'>“Semper</span> <span class='ocrx_word' id='word_1_187' title='bbox 606 1542 753 1579; x_wconf 88' lang='lat' dir='ltr'>incerta</span> <span class='ocrx_word' id='word_1_188' title='bbox 777 1553 847 1589; x_wconf 91' lang='lat' dir='ltr'>pro</span> <span class='ocrx_word' id='word_1_189' title='bbox 870 1542 996 1579; x_wconf 88' lang='lat' dir='ltr'>certis.</span> <span class='ocrx_word' id='word_1_190' title='bbox 1020 1541 1118 1578; x_wconf 89' lang='lat' dir='ltr'>Nam</span> <span class='ocrx_word' id='word_1_191' title='bbox 1142 1541 1289 1578; x_wconf 88' lang='lat' dir='ltr'>Fausta</span> <span class='ocrx_word' id='word_1_192' title='bbox 1307 1540 1434 1590; x_wconf 86' lang='lat' dir='ltr'>Syllae</span> <span class='ocrx_word' id='word_1_193' title='bbox 1457 1539 1537 1578; x_wconf 92' lang='lat' dir='ltr'>filia</span> <span class='ocrx_word' id='word_1_194' title='bbox 1562 1540 1604 1578; x_wconf 91' lang='lat' dir='ltr'>T.</span> <span class='ocrx_word' id='word_1_195' title='bbox 1626 1540 1750 1578; x_wconf 92' lang='lat' dir='ltr'>Annio</span> 
     </span>
     <span class='ocr_line' id='line_1_22' title="bbox 262 1603 1750 1652; baseline 0 -12"><span class='ocrx_word' id='word_1_196' title='bbox 262 1603 396 1640; x_wconf 88' lang='lat' dir='ltr'>Miloni</span> <span class='ocrx_word' id='word_1_197' title='bbox 425 1608 547 1652; x_wconf 93' lang='lat' dir='ltr'>nupta</span> <span class='ocrx_word' id='word_1_198' title='bbox 575 1604 659 1650; x_wconf 75' lang='lat' dir='ltr'>fuit,</span> <span class='ocrx_word' id='word_1_199' title='bbox 690 1608 735 1642; x_wconf 90' lang='lat' dir='ltr'>ut</span> <span class='ocrx_word' id='word_1_200' title='bbox 764 1616 880 1652; x_wconf 89' lang='lat' dir='ltr'>supra</span> <span class='ocrx_word' id='word_1_201' title='bbox 918 1604 1106 1652; x_wconf 87' lang='lat' dir='ltr'>exposuit.</span> <span class='ocrx_word' id='word_1_202' title='bbox 1152 1603 1279 1640; x_wconf 87' lang='lat' dir='ltr'>Alibi:</span> <span class='ocrx_word' id='word_1_203' title='bbox 1322 1603 1383 1640; x_wconf 93' lang='lat' dir='ltr'>Me</span> <span class='ocrx_word' id='word_1_204' title='bbox 1412 1603 1536 1640; x_wconf 84' lang='lat' dir='ltr'>dulcis</span> <span class='ocrx_word' id='word_1_205' title='bbox 1573 1603 1750 1641; x_wconf 88' lang='lat' dir='ltr'>dominae</span> 
     </span>
     <span class='ocr_line' id='line_1_23' title="bbox 260 1665 1749 1717; baseline 0 -13"><span class='ocrx_word' id='word_1_206' title='bbox 260 1666 372 1704; x_wconf 84' lang='lat' dir='ltr'>Musa</span> <span class='ocrx_word' id='word_1_207' title='bbox 413 1667 582 1706; x_wconf 90' lang='lat' dir='ltr'>Liciniae</span> <span class='ocrx_word' id='word_1_208' title='bbox 619 1680 688 1717; x_wconf 89' lang='lat' dir='ltr'>pro</span> <span class='ocrx_word' id='word_1_209' title='bbox 725 1667 937 1705; x_wconf 87' lang='lat' dir='ltr'>Terentiae.</span> <span class='ocrx_word' id='word_1_210' title='bbox 981 1667 1034 1704; x_wconf 89' lang='lat' dir='ltr'>Et</span> <span class='ocrx_word' id='word_1_211' title='bbox 1076 1666 1139 1704; x_wconf 90' lang='lat' dir='ltr'>hic</span> <span class='ocrx_word' id='word_1_212' title='bbox 1176 1666 1315 1704; x_wconf 90' lang='lat' dir='ltr'>Villius</span> <span class='ocrx_word' id='word_1_213' title='bbox 1357 1666 1396 1703; x_wconf 91' lang='lat' dir='ltr'>in</span> <span class='ocrx_word' id='word_1_214' title='bbox 1433 1665 1592 1712; x_wconf 87' lang='lat' dir='ltr'>Fausta,</span> <span class='ocrx_word' id='word_1_215' title='bbox 1623 1665 1663 1703; x_wconf 87' lang='lat' dir='ltr'>id</span> <span class='ocrx_word' id='word_1_216' title='bbox 1690 1669 1749 1704; x_wconf 90' lang='lat' dir='ltr'>est</span> 
     </span>
     <span class='ocr_line' id='line_1_24' title="bbox 260 1729 1749 1778; baseline 0 -12"><span class='ocrx_word' id='word_1_217' title='bbox 260 1730 407 1767; x_wconf 87' lang='lat' dir='ltr'>Annius</span> <span class='ocrx_word' id='word_1_218' title='bbox 435 1730 474 1767; x_wconf 90' lang='lat' dir='ltr'>in</span> <span class='ocrx_word' id='word_1_219' title='bbox 501 1731 659 1777; x_wconf 87' lang='lat' dir='ltr'>Fausta,</span> <span class='ocrx_word' id='word_1_220' title='bbox 691 1731 821 1769; x_wconf 91' lang='lat' dir='ltr'>eodem</span> <span class='ocrx_word' id='word_1_221' title='bbox 850 1742 1008 1767; x_wconf 86' lang='lat' dir='ltr'>numero</span> <span class='ocrx_word' id='word_1_222' title='bbox 1046 1729 1283 1778; x_wconf 86' lang='lat' dir='ltr'>syllabarum</span> <span class='ocrx_word' id='word_1_223' title='bbox 1319 1729 1656 1767; x_wconf 89' lang='lat' dir='ltr'>commutationem</span> <span class='ocrx_word' id='word_1_224' title='bbox 1683 1740 1749 1766; x_wconf 92' lang='lat' dir='ltr'>no-</span> 
     </span>
     <span class='ocr_line' id='line_1_25' title="bbox 260 1792 1750 1846; baseline 0 -15"><span class='ocrx_word' id='word_1_225' title='bbox 260 1793 406 1832; x_wconf 92' lang='lat' dir='ltr'>minum</span> <span class='ocrx_word' id='word_1_226' title='bbox 434 1794 535 1834; x_wconf 88' lang='lat' dir='ltr'>fecit.</span> <span class='ocrx_word' id='word_1_227' title='bbox 558 1825 574 1843; x_wconf 88' lang='lat'>„</span> <span class='ocrx_word' id='word_1_228' title='bbox 589 1797 620 1846; x_wconf 84' lang='lat'>3)</span> <span class='ocrx_word' id='word_1_229' title='bbox 651 1795 761 1834; x_wconf 88' lang='lat' dir='ltr'>Hanc</span> <span class='ocrx_word' id='word_1_230' title='bbox 790 1794 949 1833; x_wconf 86' lang='lat' dir='ltr'>Acronis</span> <span class='ocrx_word' id='word_1_231' title='bbox 977 1793 1207 1833; x_wconf 86' lang='lat' dir='ltr'>scholiastae</span> <span class='ocrx_word' id='word_1_232' title='bbox 1235 1793 1521 1832; x_wconf 89' lang='lat' dir='ltr'>annotationem</span> <span class='ocrx_word' id='word_1_233' title='bbox 1546 1792 1750 1842; x_wconf 64' lang='lat' dir='ltr'>{praeclare</span> 
     </span>
     <span class='ocr_line' id='line_1_26' title="bbox 259 1858 1749 1909; baseline -0.001 -14"><span class='ocrx_word' id='word_1_234' title='bbox 259 1858 470 1897; x_wconf 85' lang='lat' dir='ltr'>illustravit</span> <span class='ocrx_word' id='word_1_235' title='bbox 498 1861 698 1909; x_wconf 88' lang='lat' dir='ltr'>Bontlejus</span> <span class='ocrx_word' id='word_1_236' title='bbox 725 1863 838 1897; x_wconf 89' lang='lat' dir='ltr'>acute</span> <span class='ocrx_word' id='word_1_237' title='bbox 866 1859 1073 1897; x_wconf 81' lang='lat' dir='ltr'>observans</span> <span class='ocrx_word' id='word_1_238' title='bbox 1101 1858 1191 1896; x_wconf 89' lang='lat' dir='ltr'>ficta</span> <span class='ocrx_word' id='word_1_239' title='bbox 1219 1859 1287 1895; x_wconf 88' lang='lat' dir='ltr'>illa</span> <span class='ocrx_word' id='word_1_240' title='bbox 1323 1858 1476 1896; x_wconf 91' lang='lat' dir='ltr'>nomina</span> <span class='ocrx_word' id='word_1_241' title='bbox 1513 1870 1588 1895; x_wconf 87' lang='lat' dir='ltr'>non</span> <span class='ocrx_word' id='word_1_242' title='bbox 1625 1858 1749 1895; x_wconf 90' lang='lat' dir='ltr'>solum</span> 
     </span>
     <span class='ocr_line' id='line_1_27' title="bbox 260 1919 1749 1972; baseline -0.001 -13"><span class='ocrx_word' id='word_1_243' title='bbox 260 1934 428 1969; x_wconf 85' lang='lat' dir='ltr'>numero,</span> <span class='ocrx_word' id='word_1_244' title='bbox 460 1923 526 1961; x_wconf 87' lang='lat' dir='ltr'>sed</span> <span class='ocrx_word' id='word_1_245' title='bbox 555 1923 673 1962; x_wconf 89' lang='lat' dir='ltr'>etiam</span> <span class='ocrx_word' id='word_1_246' title='bbox 714 1922 953 1972; x_wconf 87' lang='lat' dir='ltr'>syllabarum</span> <span class='ocrx_word' id='word_1_247' title='bbox 993 1921 1212 1971; x_wconf 86' lang='lat' dir='ltr'>quantitate</span> <span class='ocrx_word' id='word_1_248' title='bbox 1258 1920 1468 1967; x_wconf 87' lang='lat' dir='ltr'>convenire,</span> <span class='ocrx_word' id='word_1_249' title='bbox 1503 1919 1561 1958; x_wconf 92' lang='lat' dir='ltr'>ita</span> <span class='ocrx_word' id='word_1_250' title='bbox 1596 1923 1642 1958; x_wconf 89' lang='lat' dir='ltr'>ut</span> <span class='ocrx_word' id='word_1_251' title='bbox 1670 1920 1749 1958; x_wconf 90' lang='lat' dir='ltr'>sine</span> 
     </span>
     <span class='ocr_line' id='line_1_28' title="bbox 261 1985 1747 2037; baseline -0.002 -12"><span class='ocrx_word' id='word_1_252' title='bbox 261 2000 392 2025; x_wconf 88' lang='lat' dir='ltr'>versus</span> <span class='ocrx_word' id='word_1_253' title='bbox 421 1987 618 2037; x_wconf 89' lang='lat' dir='ltr'>dispendio</span> <span class='ocrx_word' id='word_1_254' title='bbox 646 1988 757 2026; x_wconf 87' lang='lat' dir='ltr'>facile</span> <span class='ocrx_word' id='word_1_255' title='bbox 785 2000 854 2036; x_wconf 87' lang='lat' dir='ltr'>pro</span> <span class='ocrx_word' id='word_1_256' title='bbox 896 1986 985 2025; x_wconf 91' lang='lat' dir='ltr'>ficto</span> <span class='ocrx_word' id='word_1_257' title='bbox 1021 1987 1173 2025; x_wconf 89' lang='lat' dir='ltr'>nomine</span> <span class='ocrx_word' id='word_1_258' title='bbox 1219 1999 1351 2025; x_wconf 88' lang='lat' dir='ltr'>verum</span> <span class='ocrx_word' id='word_1_259' title='bbox 1393 1985 1579 2024; x_wconf 87' lang='lat' dir='ltr'>substitui</span> <span class='ocrx_word' id='word_1_260' title='bbox 1606 1988 1747 2033; x_wconf 85' lang='lat' dir='ltr'>posset.</span> 
     </span>
     <span class='ocr_line' id='line_1_29' title="bbox 262 2048 1749 2100; baseline -0.003 -12"><span class='ocrx_word' id='word_1_261' title='bbox 262 2050 441 2088; x_wconf 90' lang='lat' dir='ltr'>Ceterum</span> <span class='ocrx_word' id='word_1_262' title='bbox 470 2052 583 2099; x_wconf 89' lang='lat' dir='ltr'>plura</span> <span class='ocrx_word' id='word_1_263' title='bbox 610 2064 859 2100; x_wconf 87' lang='lat' dir='ltr'>personarum</span> <span class='ocrx_word' id='word_1_264' title='bbox 887 2051 1043 2088; x_wconf 89' lang='lat' dir='ltr'>nomina</span> <span class='ocrx_word' id='word_1_265' title='bbox 1070 2051 1109 2086; x_wconf 91' lang='lat' dir='ltr'>in</span> <span class='ocrx_word' id='word_1_266' title='bbox 1137 2054 1308 2087; x_wconf 88' lang='lat' dir='ltr'>veterum</span> <span class='ocrx_word' id='word_1_267' title='bbox 1346 2053 1546 2098; x_wconf 87' lang='lat' dir='ltr'>poetarum</span> <span class='ocrx_word' id='word_1_268' title='bbox 1574 2048 1749 2085; x_wconf 87' lang='lat' dir='ltr'>carmini-</span> 
     </span>
     <span class='ocr_line' id='line_1_30' title="bbox 260 2113 1749 2168; baseline -0.002 -16"><span class='ocrx_word' id='word_1_269' title='bbox 260 2114 334 2153; x_wconf 93' lang='lat' dir='ltr'>bus</span> <span class='ocrx_word' id='word_1_270' title='bbox 363 2128 443 2153; x_wconf 86' lang='lat' dir='ltr'>esse</span> <span class='ocrx_word' id='word_1_271' title='bbox 470 2114 586 2168; x_wconf 83' lang='grc' dir='ltr'><strong><em>κωφὰ</em></strong></span> <span class='ocrx_word' id='word_1_272' title='bbox 613 2114 805 2166; x_wconf 84' lang='grc' dir='ltr'><strong><em>πρόσωπα</em></strong></span> <span class='ocrx_word' id='word_1_273' title='bbox 834 2117 988 2153; x_wconf 87' lang='lat' dir='ltr'>constat</span> <span class='ocrx_word' id='word_1_274' title='bbox 1031 2127 1118 2152; x_wconf 91' lang='lat' dir='ltr'>cum</span> <span class='ocrx_word' id='word_1_275' title='bbox 1159 2114 1217 2152; x_wconf 91' lang='lat' dir='ltr'>illi</span> <span class='ocrx_word' id='word_1_276' title='bbox 1255 2127 1319 2152; x_wconf 89' lang='lat' dir='ltr'>eos</span> <span class='ocrx_word' id='word_1_277' title='bbox 1361 2113 1543 2159; x_wconf 88' lang='lat' dir='ltr'>homines,</span> <span class='ocrx_word' id='word_1_278' title='bbox 1591 2125 1687 2161; x_wconf 90' lang='lat' dir='ltr'>quos</span> <span class='ocrx_word' id='word_1_279' title='bbox 1710 2115 1749 2150; x_wconf 90' lang='lat' dir='ltr'>in</span> 
     </span>
     <span class='ocr_line' id='line_1_31' title="bbox 260 2176 1746 2227; baseline -0.001 -11"><span class='ocrx_word' id='word_1_280' title='bbox 260 2180 386 2216; x_wconf 90' lang='lat' dir='ltr'>animo</span> <span class='ocrx_word' id='word_1_281' title='bbox 414 2179 613 2224; x_wconf 86' lang='lat' dir='ltr'>haberent,</span> <span class='ocrx_word' id='word_1_282' title='bbox 644 2179 798 2227; x_wconf 90' lang='lat' dir='ltr'>proprio</span> <span class='ocrx_word' id='word_1_283' title='bbox 827 2179 976 2216; x_wconf 89' lang='lat' dir='ltr'>nomine</span> <span class='ocrx_word' id='word_1_284' title='bbox 995 2178 1189 2226; x_wconf 85' lang='lat' dir='ltr'>appellare</span> <span class='ocrx_word' id='word_1_285' title='bbox 1214 2189 1359 2226; x_wconf 90' lang='lat' dir='ltr'>poenae</span> <span class='ocrx_word' id='word_1_286' title='bbox 1387 2176 1600 2224; x_wconf 82' lang='lat' dir='ltr'>ividiaeque</span> <span class='ocrx_word' id='word_1_287' title='bbox 1628 2179 1746 2222; x_wconf 91' lang='lat' dir='ltr'>metu,</span> 
     </span>
     <span class='ocr_line' id='line_1_32' title="bbox 260 2240 1749 2293; baseline -0.001 -12"><span class='ocrx_word' id='word_1_288' title='bbox 260 2242 318 2281; x_wconf 91' lang='lat' dir='ltr'>vel</span> <span class='ocrx_word' id='word_1_289' title='bbox 346 2243 424 2281; x_wconf 91' lang='lat' dir='ltr'>alia</span> <span class='ocrx_word' id='word_1_290' title='bbox 442 2256 669 2293; x_wconf 86' lang='lat' dir='ltr'>quacunque</span> <span class='ocrx_word' id='word_1_291' title='bbox 689 2243 736 2282; x_wconf 91' lang='lat' dir='ltr'>de</span> <span class='ocrx_word' id='word_1_292' title='bbox 764 2255 880 2281; x_wconf 88' lang='lat' dir='ltr'>causa</span> <span class='ocrx_word' id='word_1_293' title='bbox 904 2242 1027 2281; x_wconf 91' lang='lat' dir='ltr'>celare</span> <span class='ocrx_word' id='word_1_294' title='bbox 1050 2242 1218 2280; x_wconf 88' lang='lat' dir='ltr'>mallent.</span> <span class='ocrx_word' id='word_1_295' title='bbox 1229 2241 1263 2293; x_wconf 81' lang='lat'>4)</span> <span class='ocrx_word' id='word_1_296' title='bbox 1279 2241 1438 2280; x_wconf 87' lang='lat' dir='ltr'>Poetam</span> <span class='ocrx_word' id='word_1_297' title='bbox 1466 2252 1554 2279; x_wconf 92' lang='lat' dir='ltr'>vero</span> <span class='ocrx_word' id='word_1_298' title='bbox 1582 2240 1749 2279; x_wconf 88' lang='lat' dir='ltr'>noluisse</span> 
     </span>
    </p>
   </div>
   <div class='ocr_carea' id='block_1_5' title="bbox 370 2341 518 2346">
    <p class='ocr_par' dir='ltr' id='par_1_5' title="bbox 370 2341 518 2346">
     <span class='ocr_line' id='line_1_33' title="bbox 370 2341 518 2346; baseline 0 0"><span class='ocrx_word' id='word_1_299' title='bbox 370 2341 518 2346; x_wconf 95' lang='lat' dir='ltr'> </span> 
     </span>
    </p>
   </div>
   <div class='ocr_carea' id='block_1_6' title="bbox 258 2375 1748 2632">
    <p class='ocr_par' dir='ltr' id='par_1_6' title="bbox 369 2375 1683 2418">
     <span class='ocr_line' id='line_1_34' title="bbox 369 2375 1683 2418; baseline -0.003 -9"><span class='ocrx_word' id='word_1_300' title='bbox 369 2378 388 2418; x_wconf 90' lang='lat'>¹)</span> <span class='ocrx_word' id='word_1_301' title='bbox 412 2377 461 2409; x_wconf 92' lang='lat' dir='ltr'>De</span> <span class='ocrx_word' id='word_1_302' title='bbox 485 2377 648 2418; x_wconf 83' lang='lat' dir='ltr'>scriptura</span> <span class='ocrx_word' id='word_1_303' title='bbox 671 2380 703 2409; x_wconf 89' lang='lat' dir='ltr'>et</span> <span class='ocrx_word' id='word_1_304' title='bbox 725 2377 939 2417; x_wconf 85' lang='lat' dir='ltr'>originatione</span> <span class='ocrx_word' id='word_1_305' title='bbox 963 2385 1039 2408; x_wconf 88' lang='lat' dir='ltr'>vero</span> <span class='ocrx_word' id='word_1_306' title='bbox 1063 2386 1090 2408; x_wconf 93' lang='lat' dir='ltr'>v.</span> <span class='ocrx_word' id='word_1_307' title='bbox 1114 2375 1238 2408; x_wconf 45' lang='lat' dir='ltr'>Weich2</span> <span class='ocrx_word' id='word_1_308' title='bbox 1263 2385 1293 2415; x_wconf 87' lang='lat' dir='ltr'>p.</span> <span class='ocrx_word' id='word_1_309' title='bbox 1318 2375 1338 2406; x_wconf 94' lang='lat' dir='ltr'>l.</span> <span class='ocrx_word' id='word_1_310' title='bbox 1363 2384 1387 2406; x_wconf 86' lang='lat' dir='ltr'>r.</span> <span class='ocrx_word' id='word_1_311' title='bbox 1411 2384 1442 2414; x_wconf 90' lang='lat' dir='ltr'>p.</span> <span class='ocrx_word' id='word_1_312' title='bbox 1466 2375 1537 2406; x_wconf 82' lang='grc'><strong>429.</strong></span> <span class='ocrx_word' id='word_1_313' title='bbox 1562 2376 1595 2406; x_wconf 91' lang='lat' dir='ltr'>et</span> <span class='ocrx_word' id='word_1_314' title='bbox 1617 2382 1683 2413; x_wconf 85' lang='lat' dir='ltr'>seq.</span> 
     </span>
    </p>

    <p class='ocr_par' dir='ltr' id='par_1_7' title="bbox 367 2428 1659 2471">
     <span class='ocr_line' id='line_1_35' title="bbox 367 2428 1659 2471; baseline -0.003 -9"><span class='ocrx_word' id='word_1_315' title='bbox 367 2432 389 2471; x_wconf 69' lang='grc'>2)</span> <span class='ocrx_word' id='word_1_316' title='bbox 415 2430 507 2462; x_wconf 89' lang='lat' dir='ltr'>Conf.</span> <span class='ocrx_word' id='word_1_317' title='bbox 531 2430 709 2470; x_wconf 86' lang='lat' dir='ltr'>Vannucci,</span> <span class='ocrx_word' id='word_1_318' title='bbox 734 2430 817 2461; x_wconf 88' lang='lat' dir='ltr'>stud.</span> <span class='ocrx_word' id='word_1_319' title='bbox 842 2432 918 2461; x_wconf 89' lang='lat' dir='ltr'>stor.</span> <span class='ocrx_word' id='word_1_320' title='bbox 943 2439 959 2461; x_wconf 95' lang='lat' dir='ltr'>e</span> <span class='ocrx_word' id='word_1_321' title='bbox 982 2439 1061 2461; x_wconf 89' lang='lat' dir='ltr'>mor.</span> <span class='ocrx_word' id='word_1_322' title='bbox 1086 2429 1171 2461; x_wconf 85' lang='lat' dir='ltr'>sulla</span> <span class='ocrx_word' id='word_1_323' title='bbox 1194 2430 1316 2460; x_wconf 87' lang='lat' dir='ltr'>Letter.</span> <span class='ocrx_word' id='word_1_324' title='bbox 1340 2428 1411 2459; x_wconf 86' lang='lat' dir='ltr'>Lat.</span> <span class='ocrx_word' id='word_1_325' title='bbox 1434 2437 1465 2467; x_wconf 93' lang='lat' dir='ltr'>p.</span> <span class='ocrx_word' id='word_1_326' title='bbox 1489 2429 1562 2459; x_wconf 85' lang='lat'>256.</span> <span class='ocrx_word' id='word_1_327' title='bbox 1586 2429 1659 2458; x_wconf 87' lang='lat'>257.</span> 
     </span>
    </p>

    <p class='ocr_par' dir='ltr' id='par_1_8' title="bbox 258 2474 1748 2578">
     <span class='ocr_line' id='line_1_36' title="bbox 365 2474 1748 2525; baseline -0.004 -10"><span class='ocrx_word' id='word_1_328' title='bbox 365 2487 388 2525; x_wconf 83' lang='lat'>³)</span> <span class='ocrx_word' id='word_1_329' title='bbox 412 2484 563 2516; x_wconf 87' lang='lat' dir='ltr'>Ceterum</span> <span class='ocrx_word' id='word_1_330' title='bbox 586 2483 789 2515; x_wconf 79' lang='lat' dir='ltr'>scholiastar.</span> <span class='ocrx_word' id='word_1_331' title='bbox 812 2483 846 2514; x_wconf 92' lang='lat' dir='ltr'>in</span> <span class='ocrx_word' id='word_1_332' title='bbox 868 2483 931 2515; x_wconf 90' lang='lat' dir='ltr'>hoc</span> <span class='ocrx_word' id='word_1_333' title='bbox 952 2483 1081 2515; x_wconf 84' lang='lat' dir='ltr'>nomine</span> <span class='ocrx_word' id='word_1_334' title='bbox 1105 2492 1248 2515; x_wconf 89' lang='lat' dir='ltr'>errorem</span> <span class='ocrx_word' id='word_1_335' title='bbox 1271 2482 1418 2522; x_wconf 86' lang='lat' dir='ltr'>coarguit</span> <span class='ocrx_word' id='word_1_336' title='bbox 1433 2474 1611 2513; x_wconf 82' lang='lat' dir='ltr'>Lambinus</span> <span class='ocrx_word' id='word_1_337' title='bbox 1627 2479 1667 2510; x_wconf 89' lang='lat' dir='ltr'>de</span> <span class='ocrx_word' id='word_1_338' title='bbox 1684 2488 1748 2518; x_wconf 83' lang='lat' dir='ltr'>qua</span> 
     </span>
     <span class='ocr_line' id='line_1_37' title="bbox 258 2537 795 2578; baseline -0.004 -8"><span class='ocrx_word' id='word_1_339' title='bbox 258 2547 294 2570; x_wconf 90' lang='lat' dir='ltr'>re</span> <span class='ocrx_word' id='word_1_340' title='bbox 317 2537 495 2570; x_wconf 80' lang='lat' dir='ltr'>Weichert.</span> <span class='ocrx_word' id='word_1_341' title='bbox 517 2547 549 2578; x_wconf 91' lang='lat' dir='ltr'>p.</span> <span class='ocrx_word' id='word_1_342' title='bbox 573 2537 594 2569; x_wconf 94' lang='grc'>1.</span> <span class='ocrx_word' id='word_1_343' title='bbox 618 2547 643 2570; x_wconf 91' lang='lat' dir='ltr'>r.</span> <span class='ocrx_word' id='word_1_344' title='bbox 666 2547 698 2577; x_wconf 86' lang='lat' dir='ltr'>p.</span> <span class='ocrx_word' id='word_1_345' title='bbox 722 2538 795 2569; x_wconf 88' lang='lat'>414.</span> 
     </span>
    </p>

    <p class='ocr_par' dir='ltr' id='par_1_9' title="bbox 367 2590 1057 2632">
     <span class='ocr_line' id='line_1_38' title="bbox 367 2590 1057 2632; baseline -0.004 -8"><span class='ocrx_word' id='word_1_346' title='bbox 367 2592 389 2632; x_wconf 77' lang='lat'>⁴)</span> <span class='ocrx_word' id='word_1_347' title='bbox 412 2591 462 2624; x_wconf 94' lang='lat' dir='ltr'>De</span> <span class='ocrx_word' id='word_1_348' title='bbox 486 2600 550 2632; x_wconf 83' lang='lat' dir='ltr'>qua</span> <span class='ocrx_word' id='word_1_349' title='bbox 572 2600 608 2623; x_wconf 89' lang='lat' dir='ltr'>re</span> <span class='ocrx_word' id='word_1_350' title='bbox 631 2590 757 2623; x_wconf 88' lang='lat' dir='ltr'>Weich.</span> <span class='ocrx_word' id='word_1_351' title='bbox 780 2600 812 2631; x_wconf 92' lang='lat' dir='ltr'>p.</span> <span class='ocrx_word' id='word_1_352' title='bbox 836 2590 856 2622; x_wconf 91' lang='grc'>1.</span> <span class='ocrx_word' id='word_1_353' title='bbox 881 2601 905 2622; x_wconf 91' lang='lat' dir='ltr'>r.</span> <span class='ocrx_word' id='word_1_354' title='bbox 930 2600 960 2631; x_wconf 89' lang='lat' dir='ltr'>p.</span> <span class='ocrx_word' id='word_1_355' title='bbox 985 2592 1057 2622; x_wconf 86' lang='lat'>412.</span> 
     </span>
    </p>
   </div>
  </div>
 </body>
</html>
