2012 2917
921 137 1131 184 -40-'

276 262 520 304 ordinatione
548 262 701 313 saepius
726 262 920 314 proposui.
948 263 1108 302 Praeter
1134 260 1347 306 Frankium
1373 265 1414 311 et
1440 253 1751 310 Teuffelusssati-

268 340 355 368 ram
382 328 424 367 in
456 340 492 367 a.
533 327 622 366 722.
659 326 834 372 contulit,
872 338 1109 376 quamquam
1149 325 1236 365 aliis
1270 325 1487 365 rationibus
1522 326 1673 366 ductus.
1714 326 1754 366 Is

269 393 377 433 enim
403 390 614 431 Heindorfii
642 390 875 441 conjectura,
902 402 982 440 qua
1007 389 1182 440 ignotum
1210 388 1313 429 Catii
1335 392 1628 442 praeceptorem
1645 390 1755 431 Mae·

273 459 449 495 cenatem
488 455 615 505 ipsum
659 454 776 493 fuisse
803 454 952 500 statuit,
990 457 1108 503 atque
1135 456 1231 501 arte,
1260 466 1339 504 qua
1365 466 1458 491 usus
1483 456 1600 503 poeta
1630 457 1754 493 mate-

273 519 375 558 riam
403 522 486 559 tam
516 516 710 558 difficilem
738 520 856 568 atque
883 516 1047 556 arduam
1083 529 1235 556 summa
1270 529 1358 556 cum
1392 514 1580 556 facilitate
1607 520 1647 555 et
1674 517 1750 556 ele-

269 583 406 633 gantia
432 582 626 630 tractavit,
657 595 701 621 eo
729 582 919 621 adductus
956 585 1025 629 est,
1066 586 1112 620 ut
1148 582 1309 621 satiram
1336 582 1539 631 posteriori
1574 582 1751 631 tempori,

268 660 345 698 quo
368 646 583 686 Maecenati
614 646 800 686 Horatius
819 648 904 685 erat
917 645 1077 685 intimus
1100 645 1258 693 amicus,
1280 645 1554 695 assignandam
1572 657 1654 685 esse
1680 659 1752 696 pu-

268 713 384 749 taret.
412 709 561 749 Deinde
587 712 713 749 totam
738 710 900 749 satiram
919 709 1057 749 festiva
1075 709 1244 759 quadam
1262 709 1387 748 ironia
1405 710 1603 758 contineri,
1633 722 1754 760 eoque

267 773 425 813 consilio
453 773 603 813 occulto
631 774 883 824 compositam
920 786 1002 812 esse
1039 773 1144 821 dicit,
1178 776 1223 812 ut
1258 785 1320 812 res
1347 772 1565 824 descriptae
1591 786 1635 813 re
1660 786 1753 813 vera

268 849 389 876 vanae
426 841 466 876 et
497 837 648 887 dignae,
678 850 778 887 quae
813 838 1113 887 despicerentur,
1142 840 1388 886 apparerent.
1401 837 1598 883 Quamvis
1634 841 1752 887 poeta

267 900 355 938 illas
381 912 459 938 non
486 900 583 939 adeo
609 899 833 951 negligeret,
858 903 903 939 ut
930 912 995 939 eas
1014 899 1284 939 describendas
1310 899 1384 938 sibi
1401 912 1480 938 non
1506 903 1748 950 proponeret,

266 969 398 1005 tamen
411 965 514 1004 idem
529 977 594 1004 eas
617 965 898 1012 contemnebat,
919 968 964 1003 ut
991 965 1048 1003 ait
1074 963 1275 1012 Teuffelus,
1301 964 1477 1004 addictus
1498 977 1615 1004 sanae
1638 964 1753 1004 Ofelli

265 1029 428 1074 rationi,
471 1041 590 1077 quam
626 1028 731 1067 haud
768 1028 891 1066 multo
936 1031 1024 1077 post
1063 1028 1105 1065 in
1141 1028 1263 1066 satira
1295 1031 1406 1066 sexta
1445 1040 1594 1066 summo
1621 1028 1751 1066 studio

266 1083 441 1130 laudavit
468 1094 507 1130 et
534 1091 677 1141 insigni
704 1091 895 1141 dignitate
914 1094 954 1130 et
971 1103 1120 1129 summo
1139 1090 1341 1140 splendore
1368 1091 1588 1130 illustravit.
1618 1091 1749 1131 Satira

265 1158 376 1193 sexta
401 1154 492 1193 libri
519 1155 677 1193 secundi
702 1167 802 1201 vero,
836 1154 939 1192 idem
984 1155 1051 1200 ait,
1081 1157 1185 1193 certo
1216 1155 1257 1192 in
1297 1153 1413 1193 finem
1458 1168 1493 1193 a.
1537 1155 1626 1193 723.
1654 1156 1750 1193 inci-

267 1218 338 1266 dit,
368 1217 623 1269 quamobrem
650 1218 812 1257 satiram
839 1221 1022 1269 quartam
1058 1231 1093 1257 a.
1124 1218 1212 1257 722.
1252 1218 1526 1269 assignandam
1553 1230 1635 1257 esse
1662 1231 1749 1258 cen-

267 1286 328 1321 set
361 1283 402 1332 ¹).
432 1282 504 1321 Cui
531 1282 757 1330 sententiae,
795 1295 883 1321 cum
902 1283 1041 1321 saltem
1067 1282 1239 1332 aliquam
1270 1282 1557 1332 probabilitatis
1585 1283 1750 1332 speciem

266 1345 411 1386 habere
436 1345 625 1393 videatur,
655 1349 694 1385 et
721 1358 791 1396 ego
819 1345 970 1393 accedo,
986 1346 1144 1384 missam
1171 1345 1315 1384 faciens
1333 1346 1537 1384 Kirchneri
1565 1349 1604 1385 et
1622 1346 1749 1386 Walc-

267 1410 426 1450 kenaeri
453 1410 683 1459 opinionem,
712 1423 790 1459 qua
817 1410 979 1448 satiram
1006 1422 1108 1448 anno
1137 1410 1226 1448 724.
1255 1410 1513 1459 assignarunt.

373 1664 431 1703 De
456 1663 583 1703 satira
609 1664 745 1713 quinta
771 1675 849 1702 non
876 1662 1063 1702 faciemus
1086 1662 1207 1701 verba
1236 1663 1372 1711 multa,
1401 1676 1488 1702 cum
1515 1676 1635 1702 unum
1662 1667 1749 1702 tan-

267 1732 352 1767 tum
378 1728 505 1767 locum
532 1727 758 1774 habeamus,
788 1727 855 1777 qui
876 1726 1052 1777 *quidem
1080 1727 1128 1765 de
1163 1730 1293 1766 aetate
1330 1728 1474 1767 satirae
1499 1740 1569 1766 nos
1600 1727 1747 1767 doceat.

268 1792 340 1831 Est
366 1795 498 1831 autem
525 1803 622 1830 vers.
652 1791 728 1838 62„
758 1794 798 1829 et
825 1803 930 1840 seqq.

428 1918 618 1967 Tempore,
645 1929 715 1967 quo
735 1917 884 1967 juvenis
910 1916 1071 1956 Parthis
1097 1917 1312 1964 horrendus,
1340 1918 1388 1956 ab
1416 1918 1493 1957 alto

428 1981 646 2021 Demissum
669 1993 787 2031 yerms
813 1980 955 2028 Aenea,
986 1981 1113 2020 tellure
1139 1982 1309 2031 marique
1333 1979 1335 1981 ’

425 2045 595 2095 Maynus
622 2045 706 2092 erit,
734 2045 828 2094 forti
854 2045 965 2083 nubet
984 2057 1145 2093 procera
1175 2044 1321 2084 Corano

428 2107 537 2147 Faia
563 2108 743 2156 Nasicae,
772 2110 971 2148 metuentis
997 2109 1149 2148 reddere
1175 2109 1328 2148 soldwm.

376 2236 459 2276 Hoc
486 2236 569 2276 loco
598 2236 803 2276 edocemur
829 2240 917 2287 post
943 2249 1115 2287 pugnam
1133 2237 1333 2276 Actiacam
1360 2237 1401 2276 id
1419 2241 1489 2277 est.
1517 2250 1552 2276 a.
1583 2237 1671 2277 724.
1687 2251 1747 2278 sa-

270 2300 388 2338 tiram
415 2304 616 2339 exaratam
645 2313 738 2347 esse,
764 2314 851 2339 cum
870 2313 947 2339 non
966 2301 1017 2338 sit
1043 2301 1260 2347 verisimile,
1288 2304 1442 2350 poetam
1456 2314 1516 2340 res
1548 2301 1749 2341 Octaviani

272 2367 379 2402 terra
389 2365 563 2414 marique
577 2368 705 2413 gestas
717 2368 807 2403 ante
817 2364 1045 2404 laudavisse.
1056 2365 1089 2403 E
1100 2364 1228 2403 navali
1241 2377 1372 2414 pugna
1380 2365 1638 2405 Naulochensi
1646 2366 1749 2405 enim

378 2557 400 2597 ¹)
422 2557 548 2590 Horatii
571 2558 672 2590 Serm.
700 2558 754 2590 lib.
779 2557 842 2590 duo
865 2558 925 2590 vol.
949 2558 989 2590 II.
1013 2568 1044 2598 p.
1068 2560 1096 2590 2.
1119 2567 1191 2598 pag.
1218 2560 1287 2590 114.
1311 2566 1377 2597 seq.
