<?xml version="1.0" encoding="UTF-8"?>
<!DOCTYPE html PUBLIC "-//W3C//DTD XHTML 1.0 Transitional//EN"
    "http://www.w3.org/TR/xhtml1/DTD/xhtml1-transitional.dtd">
<html xmlns="http://www.w3.org/1999/xhtml" xml:lang="en" lang="en">
 <head>
  <title>
</title>
<meta http-equiv="Content-Type" content="text/html;charset=utf-8" />
  <meta name='ocr-system' content='tesseract 3.04.00' />
  <meta name='ocr-capabilities' content='ocr_page ocr_carea ocr_par ocr_line ocrx_word'/>
</head>
<body>
  <div class='ocr_page' id='page_1' title='image "4621489_0024.png"; bbox 0 0 2012 2917; ppageno 0'>
   <div class='ocr_carea' id='block_1_1' title="bbox 905 136 1113 173">
    <p class='ocr_par' dir='ltr' id='par_1_1' title="bbox 905 136 1113 173">
     <span class='ocr_line' id='line_1_1' title="bbox 905 136 1113 173; baseline 0.005 -9"><span class='ocrx_word' id='word_1_1' title='bbox 905 136 1113 173; x_wconf 81' lang='lat'>-18—</span> 
     </span>
    </p>
   </div>
   <div class='ocr_carea' id='block_1_2' title="bbox 275 251 1756 428">
    <p class='ocr_par' dir='ltr' id='par_1_2' title="bbox 275 251 1756 428">
     <span class='ocr_line' id='line_1_2' title="bbox 381 251 1755 306; baseline 0.003 -17"><span class='ocrx_word' id='word_1_2' title='bbox 381 251 538 306; x_wconf 64' lang='lat' dir='ltr'><strong><em>lJraeter</em></strong></span> <span class='ocrx_word' id='word_1_3' title='bbox 570 255 838 300; x_wconf 79' lang='lat' dir='ltr'>argumentum</span> <span class='ocrx_word' id='word_1_4' title='bbox 867 252 1000 290; x_wconf 84' lang='lat' dir='ltr'><strong><em>statim</em></strong></span> <span class='ocrx_word' id='word_1_5' title='bbox 1028 253 1067 290; x_wconf 90' lang='lat' dir='ltr'><strong><em>in</em></strong></span> <span class='ocrx_word' id='word_1_6' title='bbox 1100 252 1254 291; x_wconf 87' lang='lat' dir='ltr'><strong><em>exordio</em></strong></span> <span class='ocrx_word' id='word_1_7' title='bbox 1287 255 1618 293; x_wconf 73' lang='lat' dir='ltr'><strong>commentationis</strong></span> <span class='ocrx_word' id='word_1_8' title='bbox 1648 261 1755 292; x_wconf 80' lang='lat' dir='ltr'><strong><em>meae</em></strong></span> 
     </span>
     <span class='ocr_line' id='line_1_3' title="bbox 275 315 1756 374; baseline 0.002 -20"><span class='ocrx_word' id='word_1_9' title='bbox 275 316 323 374; x_wconf 84' lang='lat' dir='ltr'><strong><em>de</em></strong></span> <span class='ocrx_word' id='word_1_10' title='bbox 350 315 429 355; x_wconf 81' lang='lat' dir='ltr'><strong><em>Sat.</em></strong></span> <span class='ocrx_word' id='word_1_11' title='bbox 451 317 498 354; x_wconf 90' lang='lat' dir='ltr'><strong><em>II.</em></strong></span> <span class='ocrx_word' id='word_1_12' title='bbox 521 319 649 354; x_wconf 91' lang='lat' dir='ltr'><strong><em>aetate</em></strong></span> <span class='ocrx_word' id='word_1_13' title='bbox 677 316 839 355; x_wconf 87' lang='lat' dir='ltr'><strong><em>allatum</em></strong></span> <span class='ocrx_word' id='word_1_14' title='bbox 867 328 996 354; x_wconf 85' lang='lat' dir='ltr'><strong><em>versus</em></strong></span> <span class='ocrx_word' id='word_1_15' title='bbox 1016 317 1078 355; x_wconf 87' lang='grc'><strong><em>63.</em></strong></span> <span class='ocrx_word' id='word_1_16' title='bbox 1101 317 1244 354; x_wconf 84' lang='lat' dir='ltr'><strong><em>satirae</em></strong></span> <span class='ocrx_word' id='word_1_17' title='bbox 1278 318 1411 356; x_wconf 77' lang='lat' dir='ltr'><strong><em>tertiae</em></strong></span> <span class='ocrx_word' id='word_1_18' title='bbox 1436 316 1674 357; x_wconf 86' lang='lat' dir='ltr'><strong><em>demonstrat</em></strong></span> <span class='ocrx_word' id='word_1_19' title='bbox 1699 318 1756 357; x_wconf 93' lang='lat' dir='ltr'><strong><em>lu-</em></strong></span> 
     </span>
     <span class='ocr_line' id='line_1_4' title="bbox 275 380 1287 428; baseline 0.001 -11"><span class='ocrx_word' id='word_1_20' title='bbox 275 381 529 418; x_wconf 86' lang='lat' dir='ltr'><strong><em>culentissime</em></strong></span> <span class='ocrx_word' id='word_1_21' title='bbox 557 380 654 417; x_wconf 85' lang='lat' dir='ltr'><strong><em>hanc</em></strong></span> <span class='ocrx_word' id='word_1_22' title='bbox 682 383 769 428; x_wconf 88' lang='lat' dir='ltr'><strong><em>post</em></strong></span> <span class='ocrx_word' id='word_1_23' title='bbox 786 380 893 417; x_wconf 90' lang='lat' dir='ltr'><strong><em>illam</em></strong></span> <span class='ocrx_word' id='word_1_24' title='bbox 921 391 1002 417; x_wconf 87' lang='lat' dir='ltr'><strong><em>esse</em></strong></span> <span class='ocrx_word' id='word_1_25' title='bbox 1030 380 1287 428; x_wconf 81' lang='lat' dir='ltr'><strong>compositam.</strong></span> 
     </span>
    </p>
   </div>
   <div class='ocr_carea' id='block_1_3' title="bbox 383 464 776 514">
    <p class='ocr_par' dir='ltr' id='par_1_3' title="bbox 383 464 776 514">
     <span class='ocr_line' id='line_1_5' title="bbox 383 464 776 514; baseline 0 -11"><span class='ocrx_word' id='word_1_26' title='bbox 383 464 486 503; x_wconf 87' lang='lat' dir='ltr'><strong><em>Dicit</em></strong></span> <span class='ocrx_word' id='word_1_27' title='bbox 513 465 611 503; x_wconf 90' lang='lat' dir='ltr'><strong><em>enim</em></strong></span> <span class='ocrx_word' id='word_1_28' title='bbox 639 468 754 514; x_wconf 89' lang='lat' dir='ltr'><strong><em>poeta</em></strong></span> <span class='ocrx_word' id='word_1_29' title='bbox 769 480 776 503; x_wconf 95' lang='lat'><strong>:</strong></span> 
     </span>
    </p>
   </div>
   <div class='ocr_carea' id='block_1_4' title="bbox 467 561 1646 867">
    <p class='ocr_par' dir='ltr' id='par_1_4' title="bbox 467 561 1646 867">
     <span class='ocr_line' id='line_1_6' title="bbox 467 561 1565 611; baseline 0.003 -12"><span class='ocrx_word' id='word_1_30' title='bbox 467 566 483 582; x_wconf 71' lang='lat'><strong><em>‘⁶</em></strong></span> <span class='ocrx_word' id='word_1_31' title='bbox 509 561 723 611; x_wconf 71' lang='lat' dir='ltr'><strong><em>Simplicior</em></strong></span> <span class='ocrx_word' id='word_1_32' title='bbox 750 562 832 611; x_wconf 81' lang='lat' dir='ltr'><strong><em>quis</em></strong></span> <span class='ocrx_word' id='word_1_33' title='bbox 861 565 895 600; x_wconf 73' lang='lat' dir='ltr'><strong><em>et</em></strong></span> <span class='ocrx_word' id='word_1_34' title='bbox 924 564 987 608; x_wconf 73' lang='lat' dir='ltr'><strong><em>est,</em></strong></span> <span class='ocrx_word' id='word_1_35' title='bbox 1017 561 1164 610; x_wconf 80' lang='lat' dir='ltr'><strong><em>qualem</em></strong></span> <span class='ocrx_word' id='word_1_36' title='bbox 1191 574 1248 600; x_wconf 87' lang='lat' dir='ltr'><strong><em>me</em></strong></span> <span class='ocrx_word' id='word_1_37' title='bbox 1276 573 1385 611; x_wconf 77' lang='lat' dir='ltr'><strong><em>saepe</em></strong></span> <span class='ocrx_word' id='word_1_38' title='bbox 1412 562 1565 602; x_wconf 76' lang='lat' dir='ltr'><strong><em>libenter</em></strong></span> 
     </span>
     <span class='ocr_line' id='line_1_7' title="bbox 509 626 1454 675; baseline 0.001 -11"><span class='ocrx_word' id='word_1_39' title='bbox 509 627 713 665; x_wconf 83' lang='lat' dir='ltr'><strong><em>Obtulerim</em></strong></span> <span class='ocrx_word' id='word_1_40' title='bbox 742 627 818 672; x_wconf 78' lang='lat' dir='ltr'><strong><em>tibi,</em></strong></span> <span class='ocrx_word' id='word_1_41' title='bbox 848 626 1058 671; x_wconf 74' lang='lat' dir='ltr'><strong><em>Maecenas,</em></strong></span> <span class='ocrx_word' id='word_1_42' title='bbox 1088 629 1130 663; x_wconf 78' lang='lat' dir='ltr'><strong><em>ut</em></strong></span> <span class='ocrx_word' id='word_1_43' title='bbox 1157 627 1253 674; x_wconf 81' lang='lat' dir='ltr'><strong><em>forte</em></strong></span> <span class='ocrx_word' id='word_1_44' title='bbox 1281 627 1454 675; x_wconf 75' lang='lat' dir='ltr'><strong><em>leyentem</em></strong></span> 
     </span>
     <span class='ocr_line' id='line_1_8' title="bbox 505 689 1540 743; baseline 0.001 -17"><span class='ocrx_word' id='word_1_45' title='bbox 505 689 585 727; x_wconf 79' lang='lat' dir='ltr'><strong><em>Aut</em></strong></span> <span class='ocrx_word' id='word_1_46' title='bbox 615 690 772 727; x_wconf 77' lang='lat' dir='ltr'><strong><em>tacitum</em></strong></span> <span class='ocrx_word' id='word_1_47' title='bbox 799 690 967 743; x_wconf 76' lang='lat' dir='ltr'><strong><em>impellat</em></strong></span> <span class='ocrx_word' id='word_1_48' title='bbox 994 689 1120 737; x_wconf 75' lang='lat' dir='ltr'><strong><em>quovis</em></strong></span> <span class='ocrx_word' id='word_1_49' title='bbox 1147 702 1312 727; x_wconf 76' lang='lat' dir='ltr'><strong><em>sermone</em></strong></span> <span class='ocrx_word' id='word_1_50' title='bbox 1339 690 1540 729; x_wconf 80' lang='lat' dir='ltr'><strong><em>molestus:</em></strong></span> 
     </span>
     <span class='ocr_line' id='line_1_9' title="bbox 507 753 1498 802; baseline 0.001 -10"><span class='ocrx_word' id='word_1_51' title='bbox 507 753 705 792; x_wconf 82' lang='lat' dir='ltr'><strong><em>Communi</em></strong></span> <span class='ocrx_word' id='word_1_52' title='bbox 731 766 842 792; x_wconf 87' lang='lat' dir='ltr'><strong><em>sensu</em></strong></span> <span class='ocrx_word' id='word_1_53' title='bbox 862 753 981 801; x_wconf 77' lang='lat' dir='ltr'><strong><em>plane</em></strong></span> <span class='ocrx_word' id='word_1_54' title='bbox 1008 756 1118 799; x_wconf 79' lang='lat' dir='ltr'><strong><em>caret,</em></strong></span> <span class='ocrx_word' id='word_1_55' title='bbox 1148 754 1347 802; x_wconf 73' lang='lat' dir='ltr'><strong><em>inquimus.</em></strong></span> <span class='ocrx_word' id='word_1_56' title='bbox 1377 754 1498 801; x_wconf 81' lang='lat' dir='ltr'><strong><em>Eheu,</em></strong></span> 
     </span>
     <span class='ocr_line' id='line_1_10' title="bbox 509 818 1646 867; baseline 0.002 -13"><span class='ocrx_word' id='word_1_57' title='bbox 509 819 631 865; x_wconf 77' lang='lat' dir='ltr'><strong><em>Quam</em></strong></span> <span class='ocrx_word' id='word_1_58' title='bbox 660 821 792 855; x_wconf 78' lang='lat' dir='ltr'><strong><em>temere</em></strong></span> <span class='ocrx_word' id='word_1_59' title='bbox 820 818 861 854; x_wconf 78' lang='lat' dir='ltr'><strong><em>in</em></strong></span> <span class='ocrx_word' id='word_1_60' title='bbox 888 821 1029 855; x_wconf 77' lang='lat' dir='ltr'><strong><em>nosmet</em></strong></span> <span class='ocrx_word' id='word_1_61' title='bbox 1056 818 1169 866; x_wconf 71' lang='lat' dir='ltr'><strong><em>leqcm</em></strong></span> <span class='ocrx_word' id='word_1_62' title='bbox 1196 819 1384 856; x_wconf 74' lang='lat' dir='ltr'><strong><em>sancimus</em></strong></span> <span class='ocrx_word' id='word_1_63' title='bbox 1411 819 1606 867; x_wconf 81' lang='lat' dir='ltr'><strong><em>iniquam!</em></strong></span> <span class='ocrx_word' id='word_1_64' title='bbox 1630 848 1646 866; x_wconf 89' lang='lat'>„</span> 
     </span>
    </p>
   </div>
   <div class='ocr_carea' id='block_1_5' title="bbox 272 925 1751 1297">
    <p class='ocr_par' dir='ltr' id='par_1_5' title="bbox 272 925 1751 1297">
     <span class='ocr_line' id='line_1_11' title="bbox 380 925 1748 974; baseline 0.002 -12"><span class='ocrx_word' id='word_1_65' title='bbox 380 925 508 963; x_wconf 90' lang='lat' dir='ltr'><strong><em>Verba</em></strong></span> <span class='ocrx_word' id='word_1_66' title='bbox 535 939 622 963; x_wconf 83' lang='lat' dir='ltr'><strong><em>vero</em></strong></span> <span class='ocrx_word' id='word_1_67' title='bbox 651 925 764 962; x_wconf 86' lang='lat' dir='ltr'><strong><em>haec:</em></strong></span> <span class='ocrx_word' id='word_1_68' title='bbox 792 925 972 973; x_wconf 82' lang='lat' dir='ltr'><strong><em>“qualem</em></strong></span> <span class='ocrx_word' id='word_1_69' title='bbox 1000 937 1058 962; x_wconf 88' lang='lat' dir='ltr'><strong><em>me</em></strong></span> <span class='ocrx_word' id='word_1_70' title='bbox 1087 937 1199 974; x_wconf 83' lang='lat' dir='ltr'><strong><em>saepe</em></strong></span> <span class='ocrx_word' id='word_1_71' title='bbox 1227 925 1389 963; x_wconf 76' lang='lat' dir='ltr'><strong><em>libenter</em></strong></span> <span class='ocrx_word' id='word_1_72' title='bbox 1418 926 1624 964; x_wconf 78' lang='lat' dir='ltr'><strong><em>obtulerim</em></strong></span> <span class='ocrx_word' id='word_1_73' title='bbox 1638 927 1712 964; x_wconf 92' lang='lat' dir='ltr'><strong><em>tibi</em></strong></span> <span class='ocrx_word' id='word_1_74' title='bbox 1732 957 1748 969; x_wconf 80' lang='grc'><strong><em>,.</em></strong></span> 
     </span>
     <span class='ocr_line' id='line_1_12' title="bbox 273 989 1747 1039; baseline 0.002 -12"><span class='ocrx_word' id='word_1_75' title='bbox 273 1003 358 1028; x_wconf 87' lang='lat' dir='ltr'><strong><em>cum</em></strong></span> <span class='ocrx_word' id='word_1_76' title='bbox 387 989 610 1039; x_wconf 71' lang='lat' dir='ltr'><strong><em>scripsisset,</em></strong></span> <span class='ocrx_word' id='word_1_77' title='bbox 642 989 903 1028; x_wconf 88' lang='lat' dir='ltr'><strong><em>confirmatam</em></strong></span> <span class='ocrx_word' id='word_1_78' title='bbox 926 990 1007 1039; x_wconf 90' lang='lat' dir='ltr'><strong><em>jam</em></strong></span> <span class='ocrx_word' id='word_1_79' title='bbox 1044 990 1355 1028; x_wconf 82' lang='lat' dir='ltr'><strong><em>consuetudinem</em></strong></span> <span class='ocrx_word' id='word_1_80' title='bbox 1384 994 1421 1028; x_wconf 89' lang='lat' dir='ltr'><strong><em>et</em></strong></span> <span class='ocrx_word' id='word_1_81' title='bbox 1450 990 1747 1030; x_wconf 85' lang='lat' dir='ltr'><strong><em>familiaritatem</em></strong></span> 
     </span>
     <span class='ocr_line' id='line_1_13' title="bbox 273 1055 1742 1105; baseline 0.002 -13"><span class='ocrx_word' id='word_1_82' title='bbox 273 1055 392 1093; x_wconf 88' lang='lat' dir='ltr'><strong><em>voluit</em></strong></span> <span class='ocrx_word' id='word_1_83' title='bbox 419 1055 644 1103; x_wconf 79' lang='lat' dir='ltr'><strong><em>significare,</em></strong></span> <span class='ocrx_word' id='word_1_84' title='bbox 675 1055 824 1092; x_wconf 84' lang='lat' dir='ltr'><strong><em>etiamsi</em></strong></span> <span class='ocrx_word' id='word_1_85' title='bbox 852 1055 1100 1092; x_wconf 81' lang='lat' dir='ltr'><strong><em>timiditatem</em></strong></span> <span class='ocrx_word' id='word_1_86' title='bbox 1129 1059 1166 1092; x_wconf 90' lang='lat' dir='ltr'><strong><em>et</em></strong></span> <span class='ocrx_word' id='word_1_87' title='bbox 1194 1056 1377 1092; x_wconf 85' lang='lat' dir='ltr'><strong><em>incertam</em></strong></span> <span class='ocrx_word' id='word_1_88' title='bbox 1406 1068 1445 1093; x_wconf 88' lang='lat' dir='ltr'><strong><em>se</em></strong></span> <span class='ocrx_word' id='word_1_89' title='bbox 1477 1057 1630 1104; x_wconf 86' lang='lat' dir='ltr'><strong><em>gerendi</em></strong></span> <span class='ocrx_word' id='word_1_90' title='bbox 1656 1070 1742 1105; x_wconf 93' lang='lat' dir='ltr'><strong><em>pro-</em></strong></span> 
     </span>
     <span class='ocr_line' id='line_1_14' title="bbox 274 1118 1747 1164; baseline 0.001 -7"><span class='ocrx_word' id='word_1_91' title='bbox 274 1119 409 1158; x_wconf 87' lang='lat' dir='ltr'><strong><em>derent</em></strong></span> <span class='ocrx_word' id='word_1_92' title='bbox 446 1119 645 1157; x_wconf 88' lang='lat' dir='ltr'><strong><em>rationem.</em></strong></span> <span class='ocrx_word' id='word_1_93' title='bbox 687 1119 812 1164; x_wconf 83' lang='lat' dir='ltr'><strong><em>Quare</em></strong></span> <span class='ocrx_word' id='word_1_94' title='bbox 840 1118 1071 1156; x_wconf 87' lang='lat' dir='ltr'><strong><em>Kirchnerus</em></strong></span> <span class='ocrx_word' id='word_1_95' title='bbox 1111 1122 1213 1156; x_wconf 89' lang='lat' dir='ltr'><strong><em>recte</em></strong></span> <span class='ocrx_word' id='word_1_96' title='bbox 1251 1119 1455 1157; x_wconf 86' lang='lat' dir='ltr'><strong><em>Horatium</em></strong></span> <span class='ocrx_word' id='word_1_97' title='bbox 1489 1119 1592 1158; x_wconf 92' lang='lat' dir='ltr'><strong><em>haud</em></strong></span> <span class='ocrx_word' id='word_1_98' title='bbox 1626 1122 1747 1159; x_wconf 88' lang='lat' dir='ltr'><strong><em>multo</em></strong></span> 
     </span>
     <span class='ocr_line' id='line_1_15' title="bbox 272 1182 1751 1232; baseline 0.001 -11"><span class='ocrx_word' id='word_1_99' title='bbox 272 1187 369 1232; x_wconf 88' lang='lat' dir='ltr'><strong><em>post,</em></strong></span> <span class='ocrx_word' id='word_1_100' title='bbox 400 1196 514 1232; x_wconf 89' lang='lat' dir='ltr'><strong><em>quam</em></strong></span> <span class='ocrx_word' id='word_1_101' title='bbox 541 1184 580 1221; x_wconf 88' lang='lat' dir='ltr'><strong><em>in</em></strong></span> <span class='ocrx_word' id='word_1_102' title='bbox 608 1184 816 1221; x_wconf 88' lang='lat' dir='ltr'><strong><em>amicorum</em></strong></span> <span class='ocrx_word' id='word_1_103' title='bbox 843 1195 1040 1220; x_wconf 89' lang='lat' dir='ltr'><strong><em>numerum</em></strong></span> <span class='ocrx_word' id='word_1_104' title='bbox 1067 1195 1090 1220; x_wconf 90' lang='lat' dir='ltr'><strong><em>a</em></strong></span> <span class='ocrx_word' id='word_1_105' title='bbox 1119 1182 1338 1220; x_wconf 85' lang='lat' dir='ltr'><strong><em>Maecenate</em></strong></span> <span class='ocrx_word' id='word_1_106' title='bbox 1366 1183 1533 1221; x_wconf 85' lang='lat' dir='ltr'><strong><em>adscitus</em></strong></span> <span class='ocrx_word' id='word_1_107' title='bbox 1553 1188 1622 1230; x_wconf 88' lang='lat' dir='ltr'><strong><em>est,</em></strong></span> <span class='ocrx_word' id='word_1_108' title='bbox 1653 1184 1751 1222; x_wconf 86' lang='lat' dir='ltr'><strong><em>hanc</em></strong></span> 
     </span>
     <span class='ocr_line' id='line_1_16' title="bbox 274 1247 969 1297; baseline -0.003 -12"><span class='ocrx_word' id='word_1_109' title='bbox 274 1247 458 1296; x_wconf 84' lang='lat' dir='ltr'><strong><em>Eclogam</em></strong></span> <span class='ocrx_word' id='word_1_110' title='bbox 486 1248 740 1297; x_wconf 90' lang='lat' dir='ltr'><strong><em>composuisse</em></strong></span> <span class='ocrx_word' id='word_1_111' title='bbox 768 1247 908 1285; x_wconf 84' lang='lat' dir='ltr'><strong><em>statuit</em></strong></span> <span class='ocrx_word' id='word_1_112' title='bbox 929 1248 969 1296; x_wconf 89' lang='lat'><strong><em>¹).</em></strong></span> 
     </span>
    </p>
   </div>
   <div class='ocr_carea' id='block_1_6' title="bbox 275 1310 1749 1422">
    <p class='ocr_par' dir='ltr' id='par_1_6' title="bbox 275 1310 1749 1422">
     <span class='ocr_line' id='line_1_17' title="bbox 382 1310 1749 1360; baseline 0.001 -11"><span class='ocrx_word' id='word_1_113' title='bbox 382 1311 499 1349; x_wconf 90' lang='lat' dir='ltr'><strong><em>Primi</em></strong></span> <span class='ocrx_word' id='word_1_114' title='bbox 529 1324 617 1349; x_wconf 91' lang='lat' dir='ltr'><strong><em>vero</em></strong></span> <span class='ocrx_word' id='word_1_115' title='bbox 646 1311 695 1349; x_wconf 90' lang='lat' dir='ltr'><strong><em>ad</em></strong></span> <span class='ocrx_word' id='word_1_116' title='bbox 724 1311 982 1349; x_wconf 87' lang='lat' dir='ltr'><strong><em>Maecenatem</em></strong></span> <span class='ocrx_word' id='word_1_117' title='bbox 1009 1310 1137 1349; x_wconf 89' lang='lat' dir='ltr'><strong><em>aditus</em></strong></span> <span class='ocrx_word' id='word_1_118' title='bbox 1166 1311 1455 1360; x_wconf 89' lang='lat' dir='ltr'><strong><em>descriptionem</em></strong></span> <span class='ocrx_word' id='word_1_119' title='bbox 1484 1312 1642 1360; x_wconf 87' lang='lat' dir='ltr'><strong><em>legimus</em></strong></span> <span class='ocrx_word' id='word_1_120' title='bbox 1670 1312 1749 1350; x_wconf 88' lang='lat' dir='ltr'><strong><em>Sat.</em></strong></span> 
     </span>
     <span class='ocr_line' id='line_1_18' title="bbox 275 1374 571 1422; baseline 0.003 -12"><span class='ocrx_word' id='word_1_121' title='bbox 275 1374 300 1410; x_wconf 92' lang='grc' dir='ltr'><strong><em>Ι.</em></strong></span> <span class='ocrx_word' id='word_1_122' title='bbox 332 1376 367 1411; x_wconf 88' lang='lat'><strong><em>6.</em></strong></span> <span class='ocrx_word' id='word_1_123' title='bbox 399 1374 461 1411; x_wconf 82' lang='lat'><strong><em>55.</em></strong></span> <span class='ocrx_word' id='word_1_124' title='bbox 494 1387 571 1422; x_wconf 87' lang='lat' dir='ltr'><strong><em>seq.</em></strong></span> 
     </span>
    </p>
   </div>
   <div class='ocr_carea' id='block_1_7' title="bbox 464 1470 1645 1710">
    <p class='ocr_par' dir='ltr' id='par_1_7' title="bbox 464 1470 1645 1710">
     <span class='ocr_line' id='line_1_19' title="bbox 464 1470 1531 1526; baseline 0 -18"><span class='ocrx_word' id='word_1_125' title='bbox 464 1475 480 1492; x_wconf 84' lang='lat'>“</span> <span class='ocrx_word' id='word_1_126' title='bbox 512 1470 700 1519; x_wconf 68' lang='lat' dir='ltr'><strong><em>Viryilius,</em></strong></span> <span class='ocrx_word' id='word_1_127' title='bbox 722 1474 811 1518; x_wconf 74' lang='lat' dir='ltr'><strong><em>post</em></strong></span> <span class='ocrx_word' id='word_1_128' title='bbox 837 1471 932 1508; x_wconf 73' lang='lat' dir='ltr'><strong><em>hunc</em></strong></span> <span class='ocrx_word' id='word_1_129' title='bbox 967 1470 1104 1526; x_wconf 79' lang='lat' dir='ltr'><strong><em>Varius</em></strong></span> <span class='ocrx_word' id='word_1_130' title='bbox 1131 1471 1264 1516; x_wconf 62' lang='lat' dir='ltr'><strong><em>diacre,</em></strong></span> <span class='ocrx_word' id='word_1_131' title='bbox 1293 1472 1384 1518; x_wconf 84' lang='lat' dir='ltr'><strong><em>quid</em></strong></span> <span class='ocrx_word' id='word_1_132' title='bbox 1409 1482 1531 1508; x_wconf 89' lang='lat' dir='ltr'><strong><em>essem.</em></strong></span> 
     </span>
     <span class='ocr_line' id='line_1_20' title="bbox 516 1533 1402 1583; baseline -0.001 -10"><span class='ocrx_word' id='word_1_133' title='bbox 516 1533 563 1573; x_wconf 79' lang='lat' dir='ltr'><strong><em>Ut</em></strong></span> <span class='ocrx_word' id='word_1_134' title='bbox 590 1535 672 1573; x_wconf 77' lang='lat' dir='ltr'><strong><em>veni</em></strong></span> <span class='ocrx_word' id='word_1_135' title='bbox 700 1546 833 1580; x_wconf 85' lang='lat' dir='ltr'><strong><em>coram,</em></strong></span> <span class='ocrx_word' id='word_1_136' title='bbox 863 1534 1055 1583; x_wconf 72' lang='lat' dir='ltr'><strong><em>sinyultim</em></strong></span> <span class='ocrx_word' id='word_1_137' title='bbox 1078 1546 1203 1582; x_wconf 80' lang='lat' dir='ltr'><strong><em>pauca</em></strong></span> <span class='ocrx_word' id='word_1_138' title='bbox 1231 1534 1402 1583; x_wconf 78' lang='lat' dir='ltr'><strong><em>loquutus</em></strong></span> 
     </span>
     <span class='ocr_line' id='line_1_21' title="bbox 509 1598 1645 1648; baseline -0.001 -11"><span class='ocrx_word' id='word_1_139' title='bbox 509 1598 646 1648; x_wconf 80' lang='lat' dir='ltr'><strong><em>Infans</em></strong></span> <span class='ocrx_word' id='word_1_140' title='bbox 673 1612 832 1648; x_wconf 80' lang='lat' dir='ltr'><strong><em>namque</em></strong></span> <span class='ocrx_word' id='word_1_141' title='bbox 852 1599 978 1647; x_wconf 77' lang='lat' dir='ltr'><strong><em>pudor</em></strong></span> <span class='ocrx_word' id='word_1_142' title='bbox 999 1599 1217 1647; x_wconf 75' lang='lat' dir='ltr'><strong><em>prohibebat</em></strong></span> <span class='ocrx_word' id='word_1_143' title='bbox 1235 1600 1353 1647; x_wconf 76' lang='lat' dir='ltr'><strong><em>plura</em></strong></span> <span class='ocrx_word' id='word_1_144' title='bbox 1374 1600 1562 1647; x_wconf 62' lang='lat' dir='ltr'><strong><em>Iar-„osam</em></strong></span> <span class='ocrx_word' id='word_1_145' title='bbox 1598 1622 1645 1627; x_wconf 89' lang='lat'><em>-</em></span> 
     </span>
     <span class='ocr_line' id='line_1_22' title="bbox 695 1663 1365 1710; baseline 0.002 -11"><span class='ocrx_word' id='word_1_146' title='bbox 695 1693 701 1699; x_wconf 94' lang='lat'><strong><em>.</em></strong></span> <span class='ocrx_word' id='word_1_147' title='bbox 736 1667 751 1683; x_wconf 88' lang='lat'>“</span> <span class='ocrx_word' id='word_1_148' title='bbox 775 1663 982 1710; x_wconf 78' lang='lat' dir='ltr'><strong><em>respondes,</em></strong></span> <span class='ocrx_word' id='word_1_149' title='bbox 1013 1666 1055 1700; x_wconf 76' lang='lat' dir='ltr'><strong><em>ut</em></strong></span> <span class='ocrx_word' id='word_1_150' title='bbox 1085 1666 1170 1700; x_wconf 73' lang='lat' dir='ltr'><strong><em>tuus</em></strong></span> <span class='ocrx_word' id='word_1_151' title='bbox 1197 1666 1251 1700; x_wconf 79' lang='lat' dir='ltr'><strong><em>est</em></strong></span> <span class='ocrx_word' id='word_1_152' title='bbox 1279 1675 1365 1709; x_wconf 91' lang='lat' dir='ltr'><strong><em>mos,</em></strong></span> 
     </span>
    </p>
   </div>
   <div class='ocr_carea' id='block_1_8' title="bbox 503 1726 1618 1828">
    <p class='ocr_par' dir='ltr' id='par_1_8' title="bbox 503 1726 1618 1828">
     <span class='ocr_line' id='line_1_23' title="bbox 504 1726 1618 1782; baseline -0.001 -16"><span class='ocrx_word' id='word_1_153' title='bbox 504 1726 667 1766; x_wconf 81' lang='lat' dir='ltr'><strong><em>Pauca:</em></strong></span> <span class='ocrx_word' id='word_1_154' title='bbox 697 1727 805 1782; x_wconf 86' lang='lat' dir='ltr'><strong><em>abeo‚·</em></strong></span> <span class='ocrx_word' id='word_1_155' title='bbox 833 1730 868 1764; x_wconf 76' lang='lat' dir='ltr'><strong><em>et</em></strong></span> <span class='ocrx_word' id='word_1_156' title='bbox 896 1740 1042 1765; x_wconf 83' lang='lat' dir='ltr'><strong><em>revocas</em></strong></span> <span class='ocrx_word' id='word_1_157' title='bbox 1070 1739 1165 1765; x_wconf 84' lang='lat' dir='ltr'><strong><em>nono</em></strong></span> <span class='ocrx_word' id='word_1_158' title='bbox 1185 1730 1275 1775; x_wconf 80' lang='lat' dir='ltr'><strong><em>post</em></strong></span> <span class='ocrx_word' id='word_1_159' title='bbox 1304 1740 1424 1765; x_wconf 88' lang='lat' dir='ltr'><strong><em>mense</em></strong></span> <span class='ocrx_word' id='word_1_160' title='bbox 1444 1727 1618 1775; x_wconf 80' lang='lat' dir='ltr'><strong><em>jubesque</em></strong></span> 
     </span>
     <span class='ocr_line' id='line_1_24' title="bbox 503 1785 1212 1828; baseline -0.001 0"><span class='ocrx_word' id='word_1_161' title='bbox 503 1785 598 1828; x_wconf 86' lang='lat' dir='ltr'><strong><em>Esse</em></strong></span> <span class='ocrx_word' id='word_1_162' title='bbox 626 1792 667 1827; x_wconf 87' lang='lat' dir='ltr'><strong><em>in</em></strong></span> <span class='ocrx_word' id='word_1_163' title='bbox 696 1791 901 1828; x_wconf 85' lang='lat' dir='ltr'><strong><em>amicorum</em></strong></span> <span class='ocrx_word' id='word_1_164' title='bbox 928 1802 1090 1828; x_wconf 86' lang='lat' dir='ltr'><strong><em>numero</em></strong></span> <span class='ocrx_word' id='word_1_165' title='bbox 1162 1812 1212 1817; x_wconf 96' lang='lat'><em>-</em></span> 
     </span>
    </p>
   </div>
   <div class='ocr_carea' id='block_1_9' title="bbox 270 1888 1754 2261">
    <p class='ocr_par' dir='ltr' id='par_1_9' title="bbox 270 1888 1754 2261">
     <span class='ocr_line' id='line_1_25' title="bbox 270 1888 1754 1938; baseline -0.001 -10"><span class='ocrx_word' id='word_1_166' title='bbox 270 1889 369 1928; x_wconf 91' lang='lat' dir='ltr'><strong><em>Hinc</em></strong></span> <span class='ocrx_word' id='word_1_167' title='bbox 397 1889 557 1928; x_wconf 88' lang='lat' dir='ltr'><strong><em>satiram</em></strong></span> <span class='ocrx_word' id='word_1_168' title='bbox 583 1888 738 1927; x_wconf 88' lang='lat' dir='ltr'><strong><em>tertiam</em></strong></span> <span class='ocrx_word' id='word_1_169' title='bbox 766 1892 834 1926; x_wconf 91' lang='lat' dir='ltr'><strong><em>aut</em></strong></span> <span class='ocrx_word' id='word_1_170' title='bbox 868 1892 1028 1927; x_wconf 87' lang='lat' dir='ltr'><strong><em>exeunte</em></strong></span> <span class='ocrx_word' id='word_1_171' title='bbox 1055 1902 1088 1926; x_wconf 91' lang='lat' dir='ltr'><strong><em>a.</em></strong></span> <span class='ocrx_word' id='word_1_172' title='bbox 1122 1888 1209 1927; x_wconf 82' lang='lat'><strong>716.</strong></span> <span class='ocrx_word' id='word_1_173' title='bbox 1240 1892 1308 1927; x_wconf 89' lang='lat' dir='ltr'><strong><em>aut</em></strong></span> <span class='ocrx_word' id='word_1_174' title='bbox 1326 1889 1456 1938; x_wconf 88' lang='lat' dir='ltr'><strong><em>primis</em></strong></span> <span class='ocrx_word' id='word_1_175' title='bbox 1475 1902 1508 1926; x_wconf 90' lang='lat' dir='ltr'><strong><em>a.</em></strong></span> <span class='ocrx_word' id='word_1_176' title='bbox 1533 1889 1621 1927; x_wconf 90' lang='grc'><strong>717.</strong></span> <span class='ocrx_word' id='word_1_177' title='bbox 1651 1902 1754 1926; x_wconf 89' lang='lat' dir='ltr'><strong><em>men-</em></strong></span> 
     </span>
     <span class='ocr_line' id='line_1_26' title="bbox 271 1953 1746 2002; baseline -0.001 -10"><span class='ocrx_word' id='word_1_178' title='bbox 271 1954 376 1992; x_wconf 91' lang='lat' dir='ltr'><strong><em>sibus</em></strong></span> <span class='ocrx_word' id='word_1_179' title='bbox 405 1957 602 1992; x_wconf 87' lang='lat' dir='ltr'><strong><em>exaratam</em></strong></span> <span class='ocrx_word' id='word_1_180' title='bbox 631 1966 711 1991; x_wconf 89' lang='lat' dir='ltr'><strong><em>esse</em></strong></span> <span class='ocrx_word' id='word_1_181' title='bbox 740 1956 842 1991; x_wconf 90' lang='lat' dir='ltr'><strong><em>recte</em></strong></span> <span class='ocrx_word' id='word_1_182' title='bbox 870 1953 1083 1991; x_wconf 87' lang='lat' dir='ltr'><strong><em>statuimus.</em></strong></span> <span class='ocrx_word' id='word_1_183' title='bbox 1130 1953 1343 1991; x_wconf 87' lang='lat' dir='ltr'><strong><em>Posteriore</em></strong></span> <span class='ocrx_word' id='word_1_184' title='bbox 1380 1957 1548 2002; x_wconf 90' lang='lat' dir='ltr'><strong><em>tempore</em></strong></span> <span class='ocrx_word' id='word_1_185' title='bbox 1585 1953 1746 1991; x_wconf 89' lang='lat' dir='ltr'><strong><em>conscri-</em></strong></span> 
     </span>
     <span class='ocr_line' id='line_1_27' title="bbox 271 2017 1748 2069; baseline -0.001 -11"><span class='ocrx_word' id='word_1_186' title='bbox 271 2023 376 2069; x_wconf 88' lang='lat' dir='ltr'><strong><em>ptam</em></strong></span> <span class='ocrx_word' id='word_1_187' title='bbox 405 2031 486 2057; x_wconf 88' lang='lat' dir='ltr'><strong><em>esse</em></strong></span> <span class='ocrx_word' id='word_1_188' title='bbox 514 2018 616 2056; x_wconf 88' lang='lat' dir='ltr'><strong><em>haud</em></strong></span> <span class='ocrx_word' id='word_1_189' title='bbox 647 2021 704 2056; x_wconf 87' lang='lat' dir='ltr'><strong><em>est</em></strong></span> <span class='ocrx_word' id='word_1_190' title='bbox 732 2017 943 2067; x_wconf 85' lang='lat' dir='ltr'><strong><em>probabile,</em></strong></span> <span class='ocrx_word' id='word_1_191' title='bbox 974 2031 1058 2056; x_wconf 88' lang='lat' dir='ltr'><strong><em>cum</em></strong></span> <span class='ocrx_word' id='word_1_192' title='bbox 1084 2018 1218 2067; x_wconf 84' lang='lat' dir='ltr'><strong><em>Tigelli</em></strong></span> <span class='ocrx_word' id='word_1_193' title='bbox 1248 2018 1429 2056; x_wconf 89' lang='lat' dir='ltr'><strong><em>memoria</em></strong></span> <span class='ocrx_word' id='word_1_194' title='bbox 1456 2018 1622 2056; x_wconf 90' lang='lat' dir='ltr'><strong><em>nondum</em></strong></span> <span class='ocrx_word' id='word_1_195' title='bbox 1650 2022 1748 2056; x_wconf 88' lang='lat' dir='ltr'><strong><em>esset</em></strong></span> 
     </span>
     <span class='ocr_line' id='line_1_28' title="bbox 272 2082 1748 2121; baseline -0.001 0"><span class='ocrx_word' id='word_1_196' title='bbox 272 2084 453 2121; x_wconf 85' lang='lat' dir='ltr'><strong><em>extincta.</em></strong></span> <span class='ocrx_word' id='word_1_197' title='bbox 484 2083 670 2121; x_wconf 88' lang='lat' dir='ltr'><strong><em>Uberiore</em></strong></span> <span class='ocrx_word' id='word_1_198' title='bbox 702 2083 773 2120; x_wconf 86' lang='lat' dir='ltr'><strong><em>hac</em></strong></span> <span class='ocrx_word' id='word_1_199' title='bbox 800 2083 972 2120; x_wconf 89' lang='lat' dir='ltr'><strong><em>irrisione</em></strong></span> <span class='ocrx_word' id='word_1_200' title='bbox 1001 2095 1040 2120; x_wconf 90' lang='lat' dir='ltr'><strong><em>se</em></strong></span> <span class='ocrx_word' id='word_1_201' title='bbox 1070 2095 1144 2120; x_wconf 91' lang='lat' dir='ltr'><strong><em>non</em></strong></span> <span class='ocrx_word' id='word_1_202' title='bbox 1172 2083 1359 2120; x_wconf 87' lang='lat' dir='ltr'><strong><em>immerito</em></strong></span> <span class='ocrx_word' id='word_1_203' title='bbox 1388 2083 1420 2120; x_wconf 88' lang='lat' dir='ltr'><strong><em>ei</em></strong></span> <span class='ocrx_word' id='word_1_204' title='bbox 1441 2082 1604 2120; x_wconf 90' lang='lat' dir='ltr'><strong><em>illusisse</em></strong></span> <span class='ocrx_word' id='word_1_205' title='bbox 1625 2083 1664 2119; x_wconf 91' lang='lat' dir='ltr'><strong><em>in</em></strong></span> <span class='ocrx_word' id='word_1_206' title='bbox 1693 2095 1748 2120; x_wconf 92' lang='lat' dir='ltr'><strong><em>se-</em></strong></span> 
     </span>
     <span class='ocr_line' id='line_1_29' title="bbox 273 2146 1749 2192; baseline -0.001 -7"><span class='ocrx_word' id='word_1_207' title='bbox 273 2147 395 2185; x_wconf 87' lang='lat' dir='ltr'><strong><em>cunda</em></strong></span> <span class='ocrx_word' id='word_1_208' title='bbox 424 2147 601 2185; x_wconf 87' lang='lat' dir='ltr'><strong><em>ostendit.</em></strong></span> <span class='ocrx_word' id='word_1_209' title='bbox 633 2146 716 2192; x_wconf 79' lang='lat' dir='ltr'><strong><em>Qua</em></strong></span> <span class='ocrx_word' id='word_1_210' title='bbox 746 2159 830 2185; x_wconf 90' lang='lat' dir='ltr'><strong><em>cum</em></strong></span> <span class='ocrx_word' id='word_1_211' title='bbox 872 2147 910 2183; x_wconf 90' lang='lat' dir='ltr'><strong><em>in</em></strong></span> <span class='ocrx_word' id='word_1_212' title='bbox 947 2147 1153 2184; x_wconf 91' lang='lat' dir='ltr'><strong><em>multorum</em></strong></span> <span class='ocrx_word' id='word_1_213' title='bbox 1195 2147 1514 2185; x_wconf 87' lang='lat' dir='ltr'><strong><em>obtrectationem</em></strong></span> <span class='ocrx_word' id='word_1_214' title='bbox 1556 2150 1594 2184; x_wconf 93' lang='lat' dir='ltr'><strong><em>et</em></strong></span> <span class='ocrx_word' id='word_1_215' title='bbox 1622 2146 1749 2185; x_wconf 92' lang='lat' dir='ltr'><strong><em>odium</em></strong></span> 
     </span>
     <span class='ocr_line' id='line_1_30' title="bbox 270 2210 1747 2261; baseline 0 -12"><span class='ocrx_word' id='word_1_216' title='bbox 270 2212 490 2250; x_wconf 87' lang='lat' dir='ltr'><strong><em>incurrisset</em></strong></span> <span class='ocrx_word' id='word_1_217' title='bbox 517 2215 556 2249; x_wconf 88' lang='lat' dir='ltr'><strong><em>et</em></strong></span> <span class='ocrx_word' id='word_1_218' title='bbox 578 2211 659 2259; x_wconf 86' lang='lat' dir='ltr'><strong><em>jam</em></strong></span> <span class='ocrx_word' id='word_1_219' title='bbox 687 2210 872 2260; x_wconf 82' lang='lat' dir='ltr'><strong><em>pluribus,</em></strong></span> <span class='ocrx_word' id='word_1_220' title='bbox 895 2215 933 2249; x_wconf 92' lang='lat' dir='ltr'><strong><em>et</em></strong></span> <span class='ocrx_word' id='word_1_221' title='bbox 952 2223 1019 2260; x_wconf 92' lang='lat' dir='ltr'><strong><em>per</em></strong></span> <span class='ocrx_word' id='word_1_222' title='bbox 1038 2211 1241 2259; x_wconf 85' lang='lat' dir='ltr'><strong><em>Virgilium</em></strong></span> <span class='ocrx_word' id='word_1_223' title='bbox 1255 2215 1293 2249; x_wconf 90' lang='lat' dir='ltr'><strong><em>et</em></strong></span> <span class='ocrx_word' id='word_1_224' title='bbox 1313 2211 1470 2249; x_wconf 85' lang='lat' dir='ltr'><strong><em>Varium</em></strong></span> <span class='ocrx_word' id='word_1_225' title='bbox 1489 2211 1699 2250; x_wconf 87' lang='lat' dir='ltr'><strong><em>Maecenati</em></strong></span> <span class='ocrx_word' id='word_1_226' title='bbox 1717 2211 1747 2261; x_wconf 76' lang='lat'><strong><em>2)</em></strong></span> 
     </span>
    </p>
   </div>
   <div class='ocr_carea' id='block_1_10' title="bbox 375 2320 620 2324">
    <p class='ocr_par' dir='ltr' id='par_1_10' title="bbox 375 2320 620 2324">
     <span class='ocr_line' id='line_1_31' title="bbox 375 2320 620 2324; baseline 0 0"><span class='ocrx_word' id='word_1_227' title='bbox 375 2320 620 2324; x_wconf 95' lang='lat' dir='ltr'><strong><em> </em></strong></span> 
     </span>
    </p>
   </div>
   <div class='ocr_carea' id='block_1_11' title="bbox 374 2351 1337 2444">
    <p class='ocr_par' dir='ltr' id='par_1_11' title="bbox 374 2351 1337 2444">
     <span class='ocr_line' id='line_1_32' title="bbox 380 2351 684 2392; baseline -0.007 -9"><span class='ocrx_word' id='word_1_228' title='bbox 380 2351 399 2390; x_wconf 90' lang='lat'><strong><em>¹)</em></strong></span> <span class='ocrx_word' id='word_1_229' title='bbox 423 2351 553 2392; x_wconf 80' lang='lat' dir='ltr'><strong><em>Quaest.</em></strong></span> <span class='ocrx_word' id='word_1_230' title='bbox 577 2361 608 2391; x_wconf 95' lang='lat' dir='ltr'><strong><em>p.</em></strong></span> <span class='ocrx_word' id='word_1_231' title='bbox 634 2352 684 2382; x_wconf 85' lang='lat'><strong><em>53.</em></strong></span> 
     </span>
     <span class='ocr_line' id='line_1_33' title="bbox 374 2403 1337 2444; baseline -0.001 -8"><span class='ocrx_word' id='word_1_232' title='bbox 374 2405 398 2444; x_wconf 76' lang='grc'><strong><em>2)</em></strong></span> <span class='ocrx_word' id='word_1_233' title='bbox 422 2404 493 2444; x_wconf 81' lang='lat' dir='ltr'><strong><em>Qua</em></strong></span> <span class='ocrx_word' id='word_1_234' title='bbox 515 2404 555 2436; x_wconf 90' lang='lat' dir='ltr'><strong><em>de</em></strong></span> <span class='ocrx_word' id='word_1_235' title='bbox 577 2414 611 2436; x_wconf 88' lang='lat' dir='ltr'><strong><em>re</em></strong></span> <span class='ocrx_word' id='word_1_236' title='bbox 635 2403 890 2435; x_wconf 80' lang='lat' dir='ltr'><strong><em>Walckenaerus</em></strong></span> <span class='ocrx_word' id='word_1_237' title='bbox 913 2403 974 2435; x_wconf 92' lang='lat' dir='ltr'><strong><em>vol.</em></strong></span> <span class='ocrx_word' id='word_1_238' title='bbox 999 2403 1021 2433; x_wconf 93' lang='grc' dir='ltr'><strong><em>Ι.</em></strong></span> <span class='ocrx_word' id='word_1_239' title='bbox 1050 2405 1118 2434; x_wconf 86' lang='grc'><strong>192.</strong></span> <span class='ocrx_word' id='word_1_240' title='bbox 1142 2403 1188 2434; x_wconf 85' lang='lat' dir='ltr'><strong><em>ita</em></strong></span> <span class='ocrx_word' id='word_1_241' title='bbox 1211 2403 1337 2435; x_wconf 80' lang='lat' dir='ltr'><strong><em>scribit=</em></strong></span> 
     </span>
    </p>
   </div>
   <div class='ocr_carea' id='block_1_12' title="bbox 271 2467 1748 2616">
    <p class='ocr_par' dir='ltr' id='par_1_12' title="bbox 271 2467 1748 2616">
     <span class='ocr_line' id='line_1_34' title="bbox 371 2467 1748 2509; baseline -0.001 -9"><span class='ocrx_word' id='word_1_242' title='bbox 371 2468 506 2500; x_wconf 77' lang='lat' dir='ltr'><strong><em>Mecene</em></strong></span> <span class='ocrx_word' id='word_1_243' title='bbox 529 2468 726 2509; x_wconf 84' lang='lat' dir='ltr'><strong><em>pardonnait</em></strong></span> <span class='ocrx_word' id='word_1_244' title='bbox 748 2467 932 2499; x_wconf 80' lang='lat' dir='ltr'><strong><em>faoilement</em></strong></span> <span class='ocrx_word' id='word_1_245' title='bbox 954 2468 973 2498; x_wconf 73' lang='lat' dir='ltr'><strong><em>a</em></strong></span> <span class='ocrx_word' id='word_1_246' title='bbox 995 2467 1122 2499; x_wconf 84' lang='lat' dir='ltr'><strong><em>Horace</em></strong></span> <span class='ocrx_word' id='word_1_247' title='bbox 1146 2467 1175 2499; x_wconf 89' lang='lat' dir='ltr'><strong><em>le</em></strong></span> <span class='ocrx_word' id='word_1_248' title='bbox 1199 2467 1287 2508; x_wconf 81' lang='lat' dir='ltr'><strong><em>leger</em></strong></span> <span class='ocrx_word' id='word_1_249' title='bbox 1310 2477 1480 2507; x_wconf 83' lang='lat' dir='ltr'><strong><em>sarcasme,</em></strong></span> <span class='ocrx_word' id='word_1_250' title='bbox 1498 2468 1650 2508; x_wconf 84' lang='lat' dir='ltr'><strong><em>qu&#39;avant</em></strong></span> <span class='ocrx_word' id='word_1_251' title='bbox 1665 2467 1748 2499; x_wconf 83' lang='lat' dir='ltr'><strong><em>dele</em></strong></span> 
     </span>
     <span class='ocr_line' id='line_1_35' title="bbox 275 2520 1747 2563; baseline -0.001 -9"><span class='ocrx_word' id='word_1_252' title='bbox 275 2523 444 2554; x_wconf 81' lang='lat' dir='ltr'><strong><em>connaitre</em></strong></span> <span class='ocrx_word' id='word_1_253' title='bbox 477 2521 508 2553; x_wconf 88' lang='lat' dir='ltr'><strong><em>le</em></strong></span> <span class='ocrx_word' id='word_1_254' title='bbox 545 2525 641 2563; x_wconf 72' lang='lat' dir='ltr'><strong><em>poete</em></strong></span> <span class='ocrx_word' id='word_1_255' title='bbox 671 2522 855 2554; x_wconf 81' lang='lat' dir='ltr'><strong><em>mecontent</em></strong></span> <span class='ocrx_word' id='word_1_256' title='bbox 878 2521 991 2553; x_wconf 79' lang='lat' dir='ltr'><strong><em>s&#39;etait</em></strong></span> <span class='ocrx_word' id='word_1_257' title='bbox 1013 2521 1133 2562; x_wconf 89' lang='lat' dir='ltr'><strong><em>permis</em></strong></span> <span class='ocrx_word' id='word_1_258' title='bbox 1157 2524 1267 2553; x_wconf 89' lang='lat' dir='ltr'><strong><em>contre</em></strong></span> <span class='ocrx_word' id='word_1_259' title='bbox 1290 2521 1345 2561; x_wconf 90' lang='lat' dir='ltr'><strong><em>lui,</em></strong></span> <span class='ocrx_word' id='word_1_260' title='bbox 1369 2531 1409 2553; x_wconf 89' lang='lat' dir='ltr'><strong><em>en</em></strong></span> <span class='ocrx_word' id='word_1_261' title='bbox 1432 2520 1545 2554; x_wconf 76' lang='lat' dir='ltr'><strong><em>favem-</em></strong></span> <span class='ocrx_word' id='word_1_262' title='bbox 1560 2521 1600 2553; x_wconf 89' lang='lat' dir='ltr'><strong><em>de</em></strong></span> <span class='ocrx_word' id='word_1_263' title='bbox 1622 2520 1747 2562; x_wconf 84' lang='lat' dir='ltr'><strong><em>l&#39;esprit</em></strong></span> 
     </span>
     <span class='ocr_line' id='line_1_36' title="bbox 271 2572 1742 2616; baseline -0.001 -8"><span class='ocrx_word' id='word_1_264' title='bbox 271 2580 304 2608; x_wconf 83' lang='lat' dir='ltr'><strong><em>et</em></strong></span> <span class='ocrx_word' id='word_1_265' title='bbox 323 2576 366 2608; x_wconf 88' lang='lat' dir='ltr'><strong><em>du</em></strong></span> <span class='ocrx_word' id='word_1_266' title='bbox 388 2575 491 2608; x_wconf 71' lang='lat' dir='ltr'><strong><em>talant</em></strong></span> <span class='ocrx_word' id='word_1_267' title='bbox 513 2575 566 2616; x_wconf 92' lang='lat' dir='ltr'><strong><em>qui</em></strong></span> <span class='ocrx_word' id='word_1_268' title='bbox 590 2575 756 2608; x_wconf 83' lang='lat' dir='ltr'><strong><em>brillaient</em></strong></span> <span class='ocrx_word' id='word_1_269' title='bbox 777 2575 858 2607; x_wconf 83' lang='lat' dir='ltr'><strong><em>dans</em></strong></span> <span class='ocrx_word' id='word_1_270' title='bbox 874 2585 911 2607; x_wconf 80' lang='lat' dir='ltr'><strong><em>sa</em></strong></span> <span class='ocrx_word' id='word_1_271' title='bbox 932 2576 1032 2607; x_wconf 79' lang='lat' dir='ltr'><strong><em>satire</em></strong></span> <span class='ocrx_word' id='word_1_272' title='bbox 1055 2578 1088 2607; x_wconf 87' lang='lat' dir='ltr'><strong><em>et</em></strong></span> <span class='ocrx_word' id='word_1_273' title='bbox 1111 2575 1150 2607; x_wconf 91' lang='lat' dir='ltr'><strong><em>de</em></strong></span> <span class='ocrx_word' id='word_1_274' title='bbox 1180 2575 1213 2607; x_wconf 82' lang='lat' dir='ltr'><strong><em>la</em></strong></span> <span class='ocrx_word' id='word_1_275' title='bbox 1235 2575 1440 2616; x_wconf 88' lang='lat' dir='ltr'><strong><em>philosophie</em></strong></span> <span class='ocrx_word' id='word_1_276' title='bbox 1472 2572 1679 2616; x_wconf 69' lang='lat' dir='ltr'><strong><em>epicurienne</em></strong></span> <span class='ocrx_word' id='word_1_277' title='bbox 1703 2574 1742 2607; x_wconf 90' lang='lat' dir='ltr'><strong><em>de</em></strong></span> 
     </span>
    </p>
   </div>
  </div>
 </body>
</html>
