2012 2917
906 173 1120 212 ...20-

272 289 373 327 tueri
400 292 570 336 conatus,
601 290 812 339 proximam
839 293 927 340 post
966 290 1123 329 tertiam
1150 290 1395 329 existimaret.
1426 289 1519 328 Cum
1552 300 1627 339 quo
1663 299 1748 326 cum

271 354 409 393 saltem
437 353 483 393 de
509 367 609 393 anno
637 355 873 394 convenisset
902 354 1081 401 Teuffelo,
1111 355 1342 394 Kirchnerus
1369 354 1481 403 longe
1514 354 1632 393 aliam
1660 365 1746 403 pro-

270 418 398 467 posuit
427 419 666 465 sententiam,
697 423 872 458 statuens
899 432 999 458 anno
1028 419 1181 457 demum
1209 419 1297 457 722.
1318 421 1478 457 exeunte
1506 417 1556 456 ab
1585 417 1748 457 Horatio

272 495 353 521 esse
380 483 643 533 conscriptam
672 483 886 523 Posteriore
913 488 1082 534 tempore
1110 496 1223 533 quam
1250 483 1460 522 Kirczhnero
1487 482 1618 532 ecloga
1643 482 1748 521 Wal-

271 546 457 586 ckenaero
478 549 519 595 ¹),
549 547 590 585 id
618 551 676 585 est
704 560 738 585 a.
768 560 803 585 u.
833 549 854 585 7
859 549 935 595 24„
967 552 1125 586 exarata
1153 561 1234 586 esse
1262 547 1421 586 videtur.

380 611 527 658 Quibus
556 612 755 651 sententiis
783 613 988 662 propositis
1016 613 1089 663 ipsi
1117 613 1377 662 quaestionem
1403 612 1658 651 instituamus.

377 670 537 715 Versum
556 677 618 715 21.
648 689 713 725 sq.,
743 677 809 726 qui
837 677 887 715 ad
915 690 994 716 rem
1021 681 1193 716 nostram
1219 676 1343 716 facere
1370 676 1556 723 videatur,
1586 675 1748 725 primum

273 741 313 780 in
341 741 508 781 medium
535 741 703 792 proferre
731 741 852 781 lubet.

404 881 666 890 .....
700 856 716 873 “
735 851 882 890 Beatus
909 850 1085 889 Fannius
1112 851 1211 889 ultro

407 913 559 954 Delatis
587 918 711 964 capsis
740 920 774 954 et
802 917 972 965 imaqine,
1002 929 1116 965 quum
1143 928 1226 954 mea
1254 928 1358 954 nemo

407 978 562 1027 Scripm
588 980 686 1029 ἱεραί
713 981 816 1030 vul90
844 982 1002 1019 recitare
1031 981 1195 1018 timentis
1222 980 1264 1017 ob
1291 979 1386 1017 hanc
1412 992 1499 1025 rem,

410 1044 517 1093 Quod
542 1048 642 1093 sunt,
673 1058 762 1095 quos
786 1058 902 1095 yenus
928 1045 992 1084 hoc
1020 1045 1173 1084 minime
1193 1045 1311 1094 juvat,
1342 1047 1466 1093 utpote
1486 1043 1616 1093 plures

409 1107 568 1157 Culpam
595 1111 725 1159 digmos
744 1141 775 1157 „.

275 1205 467 1246 Teuffelus
498 1206 529 1259 2)
558 1220 604 1245 ex
632 1206 703 1246 hoc
731 1207 815 1246 loco
839 1207 888 1245 ad
916 1210 1083 1245 aetatem
1110 1206 1251 1245 satirae
1278 1205 1527 1245 definiendam
1553 1206 1649 1245 nihil
1684 1206 1751 1245 ad—

270 1271 360 1309 ferri
387 1285 498 1321 posse
525 1272 598 1310 hoc
625 1272 865 1321 potissimum
891 1272 1003 1309 nixus
1032 1275 1256 1320 argumento
1293 1271 1496 1317 contendit,
1535 1271 1637 1320 quod
1676 1284 1751 1309 non

270 1336 344 1374 nisi
379 1336 522 1375 mortui
563 1336 686 1374 Fanni
731 1336 856 1385 imago
897 1337 938 1373 in
975 1335 1169 1385 publicam
1204 1335 1479 1373 bibliothecam
1517 1335 1567 1373 sit
1598 1329 1748 1383 delata,

271 1400 439 1449 ejusdem
462 1401 586 1438 Fanni
613 1404 743 1439 autem
771 1401 811 1438 in
839 1404 910 1438 sat.
946 1401 977 1438 1.
1003 1401 1061 1438 10.
1083 1404 1127 1438 111
1155 1401 1229 1438 vivi
1256 1400 1398 1438 mentio
1425 1399 1504 1437 fiat.
1522 1400 1606 1438 Non
1625 1404 1752 1449 potest

271 1465 389 1514 igitur
415 1466 540 1515 inquit
568 1465 615 1503 de
650 1465 885 1503 bibliotheca
913 1465 1034 1503 Asinii
1060 1465 1241 1503 Pollionis
1277 1478 1311 1503 a.
1353 1465 1438 1502 715.
1469 1466 1556 1503 716.
1599 1465 1752 1504 condita

274 1534 405 1568 noster
445 1530 553 1568 100115
593 1530 767 1578 intelligi.
803 1553 847 1556 ——
878 1529 987 1567 Unde
1016 1528 1204 1567 Teuffelus
1232 1529 1374 1567 mortui
1401 1529 1523 1567 Fanni
1550 1529 1751 1579 imaginem

275 1595 313 1632 in
341 1594 537 1643 publicam
582 1594 858 1633 bibliothecam
894 1607 974 1632 esse
1017 1594 1186 1632 delatam
1229 1593 1401 1645 (Acronis
1437 1607 1572 1632 nomen
1600 1595 1750 1645 quidem

273 1658 490 1708 praetendit
518 1658 696 1704 auctoris,
728 1658 794 1696 sed
821 1662 951 1696 tamen
978 1658 1114 1704 10011111,
1144 1658 1210 1707 qui
1233 1670 1313 1695 rem
1340 1658 1586 1707 comprobare
1614 1660 1751 1707 valeat,

271 1736 346 1763 non
372 1722 516 1776 adfert)
553 1723 759 1771 resciverit,
798 1723 892 1761 mihi
918 1736 993 1762 non
1019 1726 1180 1769 constat,
1211 1722 1277 1761 sed
1305 1723 1385 1772 ejus
1413 1726 1535 1761 totam
1556 1737 1664 1763 ruere
1691 1738 1751 1763 ra-

269 1789 555 1827 tiocinationem
583 1802 629 1826 ex
648 1788 719 1826 hoc
739 1792 977 1838 argumento,
1008 1787 1111 1836 quod
1139 1787 1367 1826 scholiastae
1394 1788 1645 1836 prodiderunt
1673 1803 1751 1829 me-

272 1853 426 1900 moriae,
457 1853 569 1892 facile
597 1856 775 1902 apparet:

377 1918 547 1956 Fannius
576 1918 795 1963 Quadratus
812 1941 857 1944 -
889 1920 1002 1966 poeta
1029 1917 1163 1963 malus,
1194 1930 1279 1956 cum
1308 1917 1448 1956 liberos
1476 1931 1552 1957 non
1579 1918 1749 1965 haberet,

272 1983 514 2031 heredipetae
534 1983 613 2020 sine
634 1983 715 2030 ejus
743 1994 835 2019 cura
863 1986 901 2019 et
929 1981 1057 2018 studio
1085 1981 1203 2018 libros
1232 1982 1312 2030 ejus
1332 1986 1370 2019 et
1388 1982 1589 2030 imaginem
1616 1983 1655 2019 in
1683 1995 1752 2031 pu-

275 2046 393 2085 blicas
421 2045 678 2085 bibliothecas
705 2045 933 2093 referebant,
963 2045 1069 2084 nullo
1088 2048 1217 2084 tamen
1235 2046 1373 2085 merito
1393 2046 1588 2096 scriptoris
1607 2045 1749 2099 (Schol.

272 2110 406 2162 Cruq.)
429 2135 475 2139 -—
498 2125 520 2150 0
548 2111 706 2149 beatum
733 2111 934 2157 Fannium,
966 2110 1073 2159 cujus
1101 2111 1226 2159 imago
1245 2114 1284 2148 01
1312 2124 1448 2160 capsae
1476 2124 1559 2149 cum
1579 2111 1687 2150 libris
1714 2112 1753 2149 in

271 2176 526 2215 bibliothecas
545 2176 648 2215 ultro
668 2178 842 2225 receptae
861 2179 951 2214 sunt
972 2174 1251 2228 (Porphyrion).
1282 2174 1357 2214 Sed
1384 2175 1545 2214 fortasse
1564 2175 1753 2216 Teuffelus

272 2248 552 2291 argumentum,
584 2254 659 2290 quo
688 2253 797 2279 suam
825 2243 1001 2278 tueretur
1039 2241 1280 2287 sententiam,
1311 2254 1357 2278 ex
1385 2240 1457 2278 hoc
1485 2240 1643 2279 Acronis
1671 2242 1753 2280 loco

273 2309 402 2356 petere
428 2306 574 2345 voluit:
611 2305 803 2343 “Fannius
831 2303 904 2343 iste
931 2305 1056 2343 malus
1084 2308 1198 2354 poeta
1225 2305 1308 2351 fuit,
1336 2305 1507 2354 quicum
1525 2309 1639 2344 antea
1666 2319 1752 2345 con·

272 2371 490 2419 tempsisset
518 2371 650 2409 datam
679 2369 752 2408 sibi
779 2370 982 2418 imaginem
1009 2382 1032 2407 a
1061 2369 1214 2416 Senatu,
1244 2373 1377 2418 postea
1404 2370 1494 2408 dum
1531 2374 1752 2419 moreretur,

271 2435 395 2485 petiit,
425 2439 470 2474 ut
498 2435 635 2475 delatis
662 2435 701 2473 in
729 2434 926 2484 publicum
955 2434 1078 2485 capsis
1108 2435 1186 2473 suis
1205 2447 1291 2474 cum
1311 2435 1473 2485 propriis
1503 2435 1612 2475 libris
1630 2436 1753 2475 incen-

384 2578 403 2616 ¹)
427 2575 477 2607 vie
501 2575 540 2607 de
564 2575 692 2607 Horace
715 2575 739 2607 1.
763 2585 794 2616 p.
819 2577 891 2607 345.

380 2631 403 2670 ²)
426 2630 573 2662 Museum
595 2628 649 2662 fur
670 2629 849 2670 Philologie
873 2632 902 2661 4.
925 2629 1101 2673 Jahrgang,
1123 2640 1154 2672 p.
1182 2631 1250 2663 104.
