2012 2917
949 118 1136 158 .-44-

288 240 440 283 nentur,
469 249 591 274 unum
622 236 734 286 quasi
769 248 864 286 opus
900 229 1096 286 appellare
1141 237 1314 287 potuisse
1337 237 1465 276 tecum
1509 235 1757 288 τορὶιίῡνοιίε.

284 300 394 339 Adde
421 299 525 350 quod
546 299 787 342 ,Scholiastae
813 300 1024 350 posteriore
1048 302 1222 350 tempore
1248 302 1288 338 et
1306 299 1463 349 quidem
1489 312 1557 340 sex
1593 299 1760 343 amanlis

244 391 247 395 ι
283 368 428 414 postea,
457 376 575 413 quam
600 363 783 402 Horatius
809 363 986 401 vixerunt
1012 362 1173 412 ideoque
1195 364 1565 402 eorumauotoritati
1578 368 1757 404 nantau-

285 432 370 467 tum
397 431 456 467 est
481 426 740 473 tribuendum,
769 430 814 466 ut
841 426 971 465 omnia
999 427 1054 465 eis
1081 426 1293 467 credamus.
1329 426 1436 467 Haeo
1461 427 1666 480 Kitohneri
1693 441 1756 468 ar-

287 496 470 540 gmenta
495 492 735 540 potissimum
760 500 843 543 non,
882 502 964 528 esse
1005 491 1158 528 silentio
1196 490 1478 540 praetereunda
1512 491 1657 540 putavi,
1694 503 1756 529 88-

283 559 411 594 terum
424 557 651 604 argumenta
676 565 701 592 a.
727 552 894 592 Frankio
906 565 976 604 pro
1012 566 1084 593 sua
1106 554 1299 594 sententia
1324 553 1447 595 allata
1472 557 1513 595 et
1547 566 1572 594 a
1590 552 1758 594 Teuffelo

284 620 365 670 jam
391 619 556 669 repetita
581 621 792 657 retractare
819 631 1143 668 supervacaneum
1157 632 1239 659 esse
1265 619 1362 658 mihi
1387 619 1549 658 videtur.
1577 619 1649 669 Aj0
1684 619 1756 668 igi-

286 688 350 722 tur
377 696 438 721 me
465 695 551 721 cum
577 682 745 721 Frankio
772 681 897 721 facere
925 685 965 721 et
990 682 1087 722 mihi
1113 696 1195 723 esse
1236 695 1472 734 persuasum,
1501 683 1645 722 librum
1676 683 1755 733 pri-

287 760 391 786 mum
422 747 630 797 separatim
667 759 768 786 anno
794 746 843 786 U.
873 746 974 794 720„
1014 747 1223 787 secundum
1263 748 1426 787 fortasse
1460 747 1549 786 725.
1586 747 1756 786 emisisse

287 810 499 849 Horatium.

475 1594 699 1637 Corrigenda:
720 1604 793 1637 pag.
823 1597 873 1629 12.
897 1606 924 1628 v.
949 1597 998 1629 10.
1021 1595 1083 1638 leg.
1119 1594 1346 1638 prodidissent.
1369 1613 1408 1621 —
1431 1606 1463 1638 p.
1487 1597 1537 1630 14.
1565 1607 1593 1630 v.
1626 1597 1675 1629 19.
1697 1596 1760 1639 183.

280 1659 331 1682 me
353 1648 511 1683 effecisse.
536 1667 574 1674 —
597 1659 629 1690 p.
655 1652 703 1682 14.
726 1660 755 1683 v.
777 1651 828 1682 26.
851 1650 912 1691 leg.
934 1649 1105 1683 Horatium
1126 1650 1233 1683 etiam.
1256 1668 1297 1674 —
1318 1660 1350 1692 p.
1385 1651 1435 1683 16.
1467 1660 1497 1683 v.
1528 1651 1559 1684 6.
1590 1649 1652 1692 leg.
1680 1649 1759 1683 defi-

280 1703 443 1736 niendum.
470 1721 504 1727 -
529 1712 562 1744 p.
588 1704 637 1735 16.
659 1714 687 1735 v.
710 1705 761 1735 25.
783 1702 845 1744 leg.
867 1703 1046 1744 Bentlejus.
1067 1720 1103 1729 —
1131 1712 1162 1743 p.
1186 1704 1236 1736 16.
1258 1714 1288 1736 v.
1309 1705 1361 1737 80.
1388 1703 1449 1745 183.
1479 1702 1695 1744 invidiaeque.
1716 1722 1758 1732 .-

280 1763 312 1798 p.
337 1759 385 1790 17.
409 1767 438 1791 v.
453 1758 506 1789 22.
528 1756 672 1789 asseclas
695 1756 775 1798 ejus.
800 1774 838 1782 —-
861 1767 894 1798 p.
916 1758 968 1790 21.
990 1767 1019 1789 v.
1044 1758 1095 1788 14.
1115 1755 1177 1797 183.
1198 1757 1383 1798 impetrare.
1405 1774 1446 1782 —
1467 1766 1500 1798 p.
1521 1758 1573 1790 22.
1595 1767 1624 1789 v.
1645 1759 1675 1790 9.
1696 1756 1759 1798 183.

281 1809 378 1842 haud.
402 1828 443 1834 —
465 1819 497 1850 p.
521 1811 573 1841 24.
596 1820 626 1842 v.
650 1810 701 1842 22.
723 1809 785 1851 leg.
808 1809 997 1850 conscripsi.
1020 1827 1061 1833 -—
1083 1819 1115 1850 p.
1137 1809 1189 1842 26.
1211 1819 1239 1841 v.
1262 1811 1313 1842 29.
1328 1808 1391 1842 div.
1402 1812 1629 1851 mus-egerat.
1651 1820 1683 1851 p.
1706 1812 1757 1842 27.

281 1874 309 1896 v.
331 1863 388 1896 ult.
410 1863 473 1904 leg.
496 1862 655 1903 ἐκείνου,
680 1882 720 1887 -
742 1873 773 1904 p.
800 1865 851 1896 28.
873 1874 902 1896 v.
926 1865 955 1896 2.
978 1863 1040 1904 leg.
1063 1861 1144 1914 μὲν,
1170 1883 1201 1889 -
1228 1873 1261 1905 p.
1283 1864 1334 1896 28.
1356 1873 1384 1896 v.
1407 1865 1459 1898 26.
1473 1863 1536 1905 leg.
1550 1863 1759 1898 Maecenatis.

283 1941 320 1948 -
343 1933 375 1965 p.
391 1926 442 1958 30.
464 1935 493 1957 v.
516 1926 546 1957 8.
568 1924 630 1965 183.
652 1933 779 1965 genere.
803 1942 841 1948 —
868 1933 899 1964 p.
922 1925 973 1956 30.
997 1934 1025 1956 v.
1048 1926 1089 1956 24
1112 1925 1173 1966 leg.
1195 1924 1341 1957 habeam.
