2012 2917
869 161 1076 201 -.-29-

232 289 310 327 quo
336 278 454 326 atque
493 276 569 315 iter
602 277 690 325 post
725 275 891 316 reditum
917 279 1064 316 aestate
1091 277 1152 317 vel
1189 278 1396 317 auctumno
1423 277 1592 328 ejusdem
1620 279 1709 318 anni

234 342 328 381 717.
361 340 594 391 descriptum
627 340 678 380 ab
706 341 867 381 Horatio
894 353 976 381 esse
1002 341 1201 381 contendo.
1231 340 1287 381 De
1323 341 1440 381 rebus
1486 342 1709 393 geographi-

233 405 288 443 cis
315 405 428 444 mitto
455 404 574 445 verba
603 404 737 452 facere,
767 417 853 454 cum
880 404 976 443 nihil
1003 405 1053 443 ad
1094 408 1265 444 nostram
1306 418 1386 444 rem
1413 405 1567 444 faciant.
1611 406 1711 445 Tan-

232 471 316 507 tum
356 468 671 507 Walckenaerum
706 469 746 506 in
773 468 884 516 libro,
924 468 1033 518 cujus
1071 469 1221 518 saepius
1254 469 1336 519 jam
1371 469 1599 508 mentionem
1626 469 1716 517 feci,-

232 532 306 573 vol.
335 532 363 571 1.
390 546 427 583 p.
457 533 547 571 209.
575 544 759 582 perquam
785 531 881 571 bene
922 532 1185 582 explanavisse
1225 532 1300 571 iter
1337 532 1592 572 Horatianum
1629 534 1710 571 ani-

231 596 480 636 madvertisse
507 596 631 636 velim.

341 829 493 871 satirae
519 833 646 871 sextae
672 843 803 870 versus
831 829 895 868 45.
926 842 1028 880 seq.:

423 957 534 998 anc
562 957 613 996 ad
638 970 696 997 me
721 956 827 996 redeo
855 956 1023 995 libertino
1044 958 1158 1005 patre
1186 959 1329 1005 natum,

421 1024 537 1072 Quem
563 1023 700 1061 rodum
727 1034 851 1061 omnes
878 1022 1050 1060 libertino
1070 1024 1186 1069 patre
1213 1025 1359 1069 natum,

420 1085 539 1134 Nune,
568 1087 659 1136 quia
686 1098 769 1125 sum
797 1085 874 1133 tibi,
901 1084 1112 1133 Maecenas,
1141 1086 1331 1124 convictor.

231 1225 326 1264 satis
353 1225 624 1271 demonstrant,
654 1225 813 1262 satiram
838 1224 938 1262 hanc
964 1224 1148 1262 adversus
1175 1224 1370 1263 hominum
1405 1224 1710 1263 malevolentiam

231 1301 312 1328 esse
353 1288 616 1338 conscriptam.
672 1287 897 1326 Extiterunt
939 1287 1057 1334 enim,
1105 1287 1169 1337 qui
1223 1287 1456 1327 Maecenatis
1505 1288 1711 1327 amicitiam

230 1366 349 1404 prava
375 1352 583 1391 ambitione
607 1351 811 1390 Horatium
838 1350 912 1389 sibi
939 1351 1158 1390 conciliasse
1194 1352 1404 1399 crederent,
1449 1355 1565 1402 atque
1600 1355 1711 1390 nata-

229 1418 325 1456 lium
351 1415 633 1466 ignobilitatem
669 1418 708 1453 et
744 1415 918 1454 servilem
946 1414 1206 1454 adulationem
1235 1415 1520 1466 exprobrarent.
1563 1415 1710 1462 Quibus

230 1479 559 1521 criminationibus
595 1482 640 1518 ut
682 1481 899 1518 occurreret
927 1481 1051 1529 poeta,
1081 1479 1245 1529 primum
1281 1494 1315 1519 v.
1350 1480 1500 1518 1.—44.
1544 1479 1592 1519 de
1621 1492 1711 1519 vero

228 1546 371 1586 honore
398 1548 437 1584 et
463 1543 667 1583 nobilitate
695 1543 862 1594 exponit,
893 1543 1030 1582 deinde
1057 1557 1088 1583 v.
1117 1544 1300 1583 45.-55.
1344 1544 1503 1594 Vergilii
1537 1547 1576 1583 et
1604 1544 1711 1583 Varii

229 1608 552 1649 commendatione
580 1620 619 1646 se
646 1607 686 1645 in
713 1607 945 1645 Maecenatis
973 1607 1198 1656 praesertim
1225 1607 1329 1646 cauti
1357 1607 1491 1657 dignos
1519 1620 1711 1646 assumere

230 1674 369 1714 amicos
396 1671 698 1710 familiaritatem
724 1671 939 1721 pervenisse
975 1673 1119 1719 narrat,
1159 1670 1293 1710 deinde
1332 1671 1494 1722 primam
1535 1684 1709 1722 congres-

229 1739 371 1777 sionem
407 1735 602 1782 describit,
638 1736 800 1784 denique
841 1748 917 1784 qua
959 1735 1144 1784 singulari
1181 1748 1274 1773 cura
1301 1739 1339 1773 et
1366 1735 1565 1784 diligentia
1600 1739 1711 1785 pater

229 1814 315 1841 eum
343 1799 560 1839 educaverit
587 1799 709 1846 docet,
740 1811 927 1849 suumque
954 1798 1145 1848 ingenium
1174 1798 1399 1848 vivendique
1419 1798 1629 1849 simplicem
1648 1811 1709 1838 ra-

229 1866 371 1905 tionem
400 1863 581 1913 depingit.
613 1863 723 1909 Quod
751 1865 1019 1912 argumentum
1045 1862 1389 1901 luculentissimum
1417 1862 1573 1901 exhibet
1600 1863 1709 1902 testi-

227 1928 395 1967 monium
423 1926 582 1964 satiram
610 1925 707 1963 hanc
735 1937 815 1963 esse
843 1925 1099 1974 conscriptam
1126 1928 1213 1974 post
1241 1926 1426 1974 quintam,
1456 1928 1502 1964 ut
1525 1925 1607 1975 jam
1622 1938 1709 1975 pro-

229 1991 320 2032 bavi
359 2002 458 2030 anno
502 1990 589 2027 717.
633 2002 670 2027 u.
713 2001 744 2027 c.
784 1991 993 2028 exaratam.
1046 1988 1301 2037 Kirchnerus‚
1347 1989 1644 2028 Walckenaerus
1679 1991 1708 2041 ¹)

228 2069 262 2096 a.
294 2055 382 2095 718.
411 2067 449 2094 u.
480 2066 511 2092 c.
542 2054 795 2103 assignarunt,
826 2066 912 2092 cum
939 2053 1129 2092 Frankius
1157 2066 1191 2092 a.
1223 2054 1310 2092 717.
1341 2054 1596 2104 conscriptam
1624 2066 1707 2094 esse

229 2123 406 2167 censeret,
434 2119 507 2158 hoc
533 2118 775 2169 potissimum
802 2118 914 2157 nixus
942 2121 1179 2167 argumento,
1211 2118 1312 2168 quod
1341 2119 1373 2157 si
1400 2121 1515 2168 poeta
1551 2118 1710 2158 satiram

226 2198 324 2225 anno
354 2184 442 2222 718.
474 2183 770 2233 conscripsisset,
801 2186 905 2222 certe
931 2183 1190 2221 Maecenatem
1230 2182 1377 2221 cunctis
1418 2182 1521 2233 apud
1549 2183 1709 2222 Romam

227 2251 344 2298 atque
370 2247 523 2285 Italiam
551 2247 808 2297 praepositum
836 2246 952 2285 fuisse
974 2247 1006 2297 ²)
1034 2246 1265 2285 mentionem
1293 2246 1453 2286 fecisset.
1494 2246 1640 2285 Deinde
1663 2259 1709 2286 ex

226 2310 400 2351 versibus
429 2311 489 2349 30.
508 2333 554 2338 -—
576 2311 638 2349 39.
667 2310 868 2354 manifesto
907 2322 1089 2360 apparere
1126 2310 1384 2350 Maecenatem
1420 2310 1588 2350 nondum
1616 2309 1708 2349 Cae-

227 2374 322 2415 saris
350 2372 526 2424 partibus
553 2373 726 2414 fiinctum
753 2373 868 2414 fuisse
895 2373 1102 2415 contendit.

336 2536 357 2577 ¹)
380 2534 404 2566 1.
427 2543 458 2576 p.
482 2535 555 2566 258.

332 2589 356 2631 ²)
379 2588 455 2621 Tac.
480 2597 508 2619 a.
532 2589 560 2619 6.
587 2589 635 2619 11.
