2012 2917
892 158 1102 225 -ss-

263 276 490 319 tiram'libri
515 278 671 318 secundi
695 277 900 319 Heu-atium
933 273 1191 325 composuisse
1224 276 1349 324 putat,
1388 277 1434 314 111
1467 268 1727 315 Maecenatem

263 342 474 381 oblectaret
498 341 647 381 dicens:
676 340 877 383 eosdm
913 337 1064 384 satim,
1093 336 1142 375 de
1167 336 1291 379 meme
1329 349 1404 387 que
1443 337 1480 376 16
1519 350 1662 388 voyage
1702 341 1728 378 a

262 406 426 454 Brindis,
456 410 523 446 ont
548 405 609 446 616
634 404 851 456 οοιιιροώθε
881 402 979 445 dans
1013 400 1051 440 le
1068 437 1070 439 .
1090 400 1214 441 meme
1240 400 1324 448 but,
1362 401 1596 443 dest-a-dire
1630 415 1728 453 pour

261 468 524 510 l'amusement
548 471 598 509 de
623 470 779 509 Meosne
804 471 845 506 et
879 465 931 505 de
955 477 1001 504 sa
1036 464 1187 504 sociate.
1226 464 1386 505 celle-ci
1424 469 1483 504 est
1517 466 1648 516 placee
1688 467 1728 505 la

263 534 435 575 derniere
461 535 558 575 dans
583 535 620 574 16
646 532 789 574 recueil
813 530 1011 577 d’Hnmne,
1040 541 1155 580 paroc
1181 542 1256 580 que
1295 529 1588 580 probablsment
1624 531 1654 570 il
1679 544 1727 570 ne

262 598 308 636 la*
327 598 456 636 rendit
478 597 663 647 publique
687 595 1005 646 que-longtemps
1041 593 1153 642 apres
1187 592 1242 638 les
1270 597 1400 631 autres
1432 597 1471 631 et
1506 593 1657 643 lorsque
1692 595 1728 632 le

261 659 451 710 principal
472 672 707 711 personnage
732 658 801 709 qui
826 656 882 707 s'y
906 659 1041 695 trouve
1067 655 1205 698 basone
1232 656 1436 695 n’existait
1462 655 1560 707 plus.

363 913 498 952 Restat
523 916 569 951 ut
595 911 812 951 examinem
833 913 965 949 utrum
984 910 1197 950 Satirarum
1224 909 1325 949 liber
1341 910 1487 960 primus
1518 910 1728 960 separatim

260 990 312 1017 an
338 990 424 1017 cum
451 977 616 1017 secundo
642 975 757 1015 simul
785 975 910 1015 editus
938 975 1001 1014 sit.
1032 998 1081 1003 —
1110 975 1214 1022 Quae
1242 974 1398 1025 quidem
1421 975 1606 1025 quaestio,
1640 987 1727 1014 cum

252 1042 334 1090 jam
362 1041 534 1090 singulae
561 1041 704 1078 satirae
731 1039 836 1089 apud
861 1039 996 1088 vulgus
1010 1040 1274 1085 innotuissent,
1303 1039 1460 1077 minoris
1474 1039 1660 1077 momenti
1686 1043 1725 1077 et

260 1104 309 1143 de
323 1105 414 1143 lana
440 1104 608 1154 caprina,
650 1107 695 1142 ut
721 1103 844 1153 ajunt,
873 1115 955 1141 esse
981 1103 1076 1141 mihi
1103 1102 1266 1141 videtur.
1286 1102 1361 1142 Sed
1387 1115 1435 1141 ne
1454 1102 1727 1141 commentatio

260 1180 346 1206 mea
376 1180 512 1206 manca
539 1167 769 1213 dimittatur,
793 1178 886 1204 neve
917 1165 1064 1215 absque
1101 1167 1226 1215 capite
1263 1165 1420 1204 aberret
1448 1188 1497 1193 —
1530 1170 1575 1203 ut
1601 1165 1727 1203 verbis

261 1235 358 1279 utar,
387 1230 526 1282 quibus
554 1231 729 1271 Socrates
757 1229 953 1269 Calliclem
979 1230 1020 1268 in
1047 1230 1190 1280 Gorgia
1217 1230 1441 1269 dehortatus
1470 1233 1538 1277 est,
1569 1242 1618 1268 ne
1646 1242 1725 1268 ser-

260 1308 409 1333 monem
435 1295 682 1343 abrumperet
709 1316 759 1322 —
787 1295 997 1331 sententias
1023 1294 1119 1331 duas
1156 1298 1196 1332 et
1231 1307 1296 1332 eas
1323 1295 1537 1334 contrarias
1580 1307 1604 1331 a
1631 1294 1722 1331 viris

261 1358 381 1397 doctis
394 1357 607 1408 propositas
617 1356 688 1395 sub
698 1368 898 1395 censuram
912 1369 996 1394 sum
1009 1360 1223 1395 vocaturus.
1237 1356 1410 1395 Alteram
1422 1355 1541 1394 libros
1555 1368 1633 1394 una
1646 1356 1725 1394 edi-

250 1422 351 1461 disse
360 1422 563 1461 Horatium
575 1421 809 1460 Kirchnerus
819 1420 956 1471 majori
973 1434 1064 1460 usus
1083 1421 1258 1460 doctrina
1273 1425 1311 1460 et
1324 1421 1525 1471 diligentia
1545 1434 1662 1471 quam
1671 1420 1725 1460 fe-

258 1486 404 1525 licitate
418 1485 694 1524 defendendam
708 1485 884 1535 suscepit,
896 1485 1058 1523 alteram
1072 1485 1296 1535 singillatim
1309 1485 1428 1524 libros
1451 1485 1618 1524 emisisse
1640 1497 1728 1535 poe-

258 1554 338 1589 tam
347 1550 571 1600 Frankius1)
585 1549 825 1600 potissimum
843 1562 919 1588 non
937 1549 1079 1588 infelici
1098 1553 1235 1588 eventu
1249 1549 1488 1599 probandam
1501 1549 1575 1588 sibi
1588 1562 1725 1599 propo-

260 1612 347 1652 suit.
362 1612 434 1649 Hic
457 1623 586 1651 omnes
609 1612 687 1651 fere
701 1625 778 1655 non
804 1613 927 1651 solum
946 1613 1115 1651 eruditos
1142 1613 1208 1650 sed
1222 1613 1318 1653 adeo
1345 1613 1482 1652 harum
1508 1613 1726 1652 litterarum

257 1675 399 1725 peritos
413 1674 464 1717 ad
490 1688 579 1716 suas
611 1679 742 1727 partes
768 1676 968 1727 pertraxit,
988 1676 1053 1716 ille
1071 1676 1402 1727 argumentatione
1420 1680 1479 1715 est
1492 1689 1594 1724 usuS,
1615 1689 1723 1726 quae,

258 1739 292 1776 si
318 1751 408 1778 vera
424 1743 525 1786 sunt,
555 1753 656 1789 quae
680 1740 968 1789 disputavimus,
994 1741 1077 1789 J'am
1104 1740 1355 1779 coHabefacta
1381 1744 1439 1778 est
1466 1745 1505 1779 et
1532 1741 1723 1778 convulsa.

258 1802 509 1854 Praecipuum
536 1804 638 1841 enim
656 1804 859 1842 Kirchneri
886 1807 1165 1853 argumentum,
1195 1817 1276 1842 esse
1304 1804 1451 1843 Satiras
1477 1804 1592 1854 primi
1619 1803 1721 1850 libri,

259 1877 357 1916 quae
384 1868 470 1916 post
496 1859 592 1906 alias
620 1868 777 1907 secundi
803 1867 896 1905 libri
923 1871 1049 1906 essent
1075 1868 1251 1916 scriptae,
1282 1880 1362 1906 esse
1387 1867 1524 1908 deinde
1551 1867 1641 1907 libri
1668 1880 1725 1905 se-

259 1928 383 1975 cundi,
412 1941 510 1977 quae
537 1934 627 1969 ante
644 1931 847 1972 nonnullas
873 1930 965 1972 libri
991 1931 1106 1984 primi
1133 1932 1272 1970 satiras
1315 1935 1441 1972 essent
1481 1932 1722 1983 compositae,

258 1991 505 2030 fundamento
532 2005 661 2032 carere
687 2007 757 2044 pro
785 1998 978 2045 comperto
1005 1994 1202 2034 habemus.
1232 1994 1406 2034 Secunda
1446 1999 1598 2033 tantum
1634 1995 1723 2033 libri

259 2055 414 2094 secundi
441 2056 561 2095 satira
587 2070 668 2096 rem
694 2059 736 2097 in
762 2058 922 2097 dubium
960 2063 1087 2109 potest
1125 2072 1271 2097 vocare.
1314 2059 1388 2098 Sed
1425 2072 1540 2108 quam
1568 2060 1722 2097 incertis

259 2120 483 2169 conjecturis
512 2120 615 2159 illius
639 2122 790 2161 Satirae
817 2123 1001 2172 temporis
1028 2122 1250 2161 constitutio
1272 2123 1431 2169 nitatur,
1460 2121 1627 2168 Teuffeli,
1657 2123 1722 2171 qui

258 2187 428 2232 tempore
458 2183 534 2222 alio
561 2185 679 2223 aliam
716 2187 947 2225 sententiam
983 2188 1190 2237 proposuit,
1212 2187 1341 2225 docuit
1375 2186 1602 2236 exemplum.
1644 2186 1723 2224 Nec

256 2247 370 2285 alteri
396 2247 596 2288 Kirchneri
623 2255 849 2301 argumento
876 2251 1039 2290 multum
1075 2251 1323 2291 tribuendum
1349 2255 1455 2302 puto.
1485 2251 1594 2298 Quod
1621 2251 1722 2289 enim

257 2310 488 2349 Scholiastas
515 2316 720 2363 utrumque
746 2314 891 2352 librum
923 2319 939 2335 “
961 2316 1032 2353 hoc
1059 2327 1153 2364 opus
1171 2345 1187 2362 „
1220 2316 1432 2364 appellasse
1460 2316 1526 2361 ait,
1547 2327 1624 2352 non
1651 2316 1721 2352 mi-

257 2373 415 2422 raberis,
446 2375 479 2414 si
506 2388 568 2415 eos
596 2377 754 2426 Satiras,
785 2378 876 2429 quia
902 2378 1048 2417 habent
1076 2378 1267 2429 quoddam
1295 2392 1492 2418 commune
1529 2377 1721 2417 vinculum

257 2442 296 2477 et
322 2440 432 2489 quasi
458 2442 682 2490 cognatione
709 2443 926 2492 argumenti
954 2443 1176 2493 consiliique
1204 2443 1371 2493 quadam
1406 2444 1506 2481 inter
1533 2455 1573 2481 se
1601 2443 1721 2481 conti·
1772 2480 1780 2486 ,

361 2572 382 2610 ι)
405 2570 493 2602 Fast.
515 2571 628 2604 Horat.
650 2582 682 2612 p.
704 2574 755 2605 30.
782 2591 815 2597 —
844 2575 895 2606 41.
