2012 2917
904 150 1112 192 „26—

339 332 514 372 Satiram
540 333 713 382 quintam
740 333 824 371 tum
851 332 1053 371 Massonus
1071 331 1294 371 doctissima
1306 333 1634 381 commentatione,
1654 347 1741 374 cum

257 397 490 436 Kirchnerus
517 396 760 447 potissimum
787 409 887 435 anno
917 397 1005 435 717.
1036 398 1237 435 exaratam
1261 408 1343 435 esse
1369 394 1490 435 firmis
1517 398 1742 447 comproba-

258 462 315 501 vit
337 461 586 510 argumentis.
618 460 696 499 Suo
723 460 826 499 enim
848 461 935 510 jure
961 460 1037 498 iter
1063 460 1136 498 hac
1164 460 1285 499 satira
1312 459 1548 509 descriptum
1588 462 1639 500 ad
1665 462 1742 502 foe-

259 524 332 563 dus
382 537 482 563 anno
528 523 637 563 urbis
666 524 755 562 717.
800 523 902 562 inter
945 522 1199 563 Octavianum
1246 526 1286 562 et
1326 523 1537 563 Antonium
1584 523 1744 564 Tarenti
1802 518 1815 529 ‘

257 589 379 628 ictum
413 587 541 636 refert,
578 587 647 626 ubi
684 586 866 627 Octaviae
903 586 1038 626 sedula
1076 587 1347 627 intercessione
1382 587 1558 628 eflectum
1584 588 1741 628 tandem

260 656 329 699 est,
350 655 397 690 ut
415 664 509 700 pace
528 651 775 689 reconciliata
793 651 983 689 Antonius
1011 649 1165 688 Caesari
1189 663 1305 690 naves
1323 651 1507 690 adversus
1525 651 1610 691 Sex.
1631 652 1742 692 Pom-

260 716 400 765 pejum,
432 714 573 753 Caesar
599 714 768 753 Antonio
794 714 937 752 milites
964 713 1015 752 ad
1042 713 1267 753 Parthicum
1294 713 1441 753 bellum
1469 715 1739 764 commodaret,

259 778 408 827 sibique
436 778 597 816 invicem
625 778 665 814 in
692 778 994 827 quinquennium
1021 777 1309 816 triumviratum
1336 782 1599 827 prorogarent.
1620 779 1742 817 Nimi-

258 855 344 880 rum
372 842 490 891 legati
516 841 683 891 primum
711 841 959 880 Brundisium
987 841 1227 880 contendisse
1262 841 1452 890 videntur,
1495 854 1585 882 mox
1612 846 1742 883 autem

264 906 406 945 abiisse
436 906 658 952 Tarentum,
687 904 758 943 ubi
784 905 929 952 foedus,
968 906 1071 954 quod
1107 918 1224 955 supra
1263 907 1481 954 memoravi,
1521 907 1642 946 ictum
1670 911 1740 946 est.

261 993 308 997 —
331 969 419 1008 Jam
446 969 554 1018 prius
582 968 737 1018 quidem
764 968 955 1007 Antonius
971 971 1011 1007 et
1030 968 1172 1007 Caesar
1190 968 1423 1008 Octavianus
1441 982 1522 1008 rem
1540 982 1648 1009 suam
1675 983 1744 1020 per

259 1034 402 1072 amicos
430 1037 469 1071 et
495 1033 756 1071 internuncios
784 1036 953 1080 egerant.
985 1032 1171 1081 Tempore
1198 1033 1299 1071 enim
1326 1032 1421 1071 belli
1457 1034 1629 1072 Perusini
1660 1035 1741 1084 jam

257 1095 397 1135 Sextus
424 1095 629 1145 Pompejus
657 1094 888 1144 Campaniae
915 1094 1062 1142 littora,
1092 1095 1268 1144 pluribus
1296 1096 1447 1145 oppidis
1487 1097 1650 1136 vastatis
1678 1097 1743 1136 de-

256 1159 528 1210 populabatur.
573 1158 657 1205 Quo
698 1157 807 1198 finito
852 1158 1007 1198 Marcus
1052 1158 1242 1198 Antonius
1278 1159 1457 1199 triumvir
1501 1173 1549 1199 ex
1589 1160 1745 1200 Oriente

257 1236 345 1261 cum
380 1223 503 1261 classe
530 1222 685 1261 advenit
704 1225 743 1260 et
763 1221 1012 1260 Brundisium
1049 1222 1260 1271 occupavit,
1301 1222 1555 1261 Octavianum
1585 1223 1743 1273 ejusque

256 1278 386 1336 partes
412 1285 608 1325 hostiliter
635 1297 897 1334 aggressurus.
926 1285 1140 1324 Adversum
1167 1285 1255 1324 novi
1289 1284 1382 1324 belli
1418 1286 1632 1335 periculum
1659 1290 1745 1326 tota

257 1350 373 1388 Italia
409 1362 541 1399 pacem
569 1348 769 1397 flagitante
796 1348 952 1386 tandem
979 1360 1079 1387 anno
1105 1349 1192 1387 714.
1213 1348 1322 1387 urbis
1342 1349 1517 1388 conditae
1548 1350 1744 1389 Brundisii

257 1427 325 1463 per
343 1413 614 1459 Maecenatem,
630 1412 806 1451 Asinium
834 1412 1054 1459 Pollionem,
1075 1412 1238 1451 Lucium
1257 1412 1457 1462 Coccejum
1475 1414 1577 1452 inter
1594 1416 1743 1453 utrum-

260 1489 335 1525 que
364 1480 423 1515 est
442 1476 664 1525 composita.
695 1475 770 1514 Sed
789 1488 876 1514 cum
906 1475 1008 1514 Sext.
1036 1476 1239 1524 Pompejus
1266 1475 1383 1514 etiam
1401 1479 1486 1514 tum
1503 1477 1639 1515 Italiae
1657 1489 1744 1516 oras

256 1543 295 1579 et
322 1539 447 1578 maria
473 1538 638 1578 finitima
660 1538 871 1585 infestaret,
901 1538 1033 1588 populi
1062 1539 1253 1578 tumultus
1295 1543 1563 1589 proruperunt,
1602 1540 1742 1589 quibus

256 1603 448 1641 triumviri
478 1603 600 1641 coacti
629 1605 731 1648 sunt,
754 1614 842 1640 cum
862 1601 968 1640 Sext.
991 1602 1171 1651 Pompejo
1190 1614 1322 1651 pacem
1342 1603 1448 1650 inire,
1470 1615 1568 1652 quae
1595 1615 1629 1642 a.
1652 1604 1741 1642 715.

256 1666 393 1704 Miseni
420 1665 525 1704 facta
552 1668 622 1703 est.
653 1664 728 1703 Sed
750 1665 832 1713 jam
860 1665 1034 1713 proximo
1061 1677 1161 1703 anno
1199 1666 1414 1714 Pompeius,
1453 1666 1602 1704 foedere
1629 1679 1743 1715 supe-

255 1729 355 1768 riore
381 1741 406 1767 a
432 1728 644 1767 triumviris
671 1726 814 1777 perfide
841 1728 1012 1776 neglecto
1040 1727 1184 1765 bellum
1204 1728 1446 1767 instauravit.
1468 1727 1580 1774 Quod
1598 1728 1743 1768 bellum

255 1804 342 1831 cum
371 1791 512 1830 Caesar
531 1791 765 1829 Octavianus
783 1791 910 1828 minus
927 1790 1090 1829 feliciter
1108 1791 1296 1839 gessisset,
1316 1794 1362 1829 ut
1389 1791 1550 1830 consilia
1577 1805 1663 1830 cum
1693 1792 1742 1831 iis

256 1855 455 1902 conferret,
486 1854 537 1893 ad
555 1853 795 1904 praefinitam
824 1854 924 1892 diem
952 1854 1124 1893 evocavit
1151 1854 1361 1893 Antonium
1389 1854 1550 1893 Athenis
1577 1855 1741 1895 Brundi-

256 1919 365 1965 sium,
397 1922 436 1956 et
463 1917 663 1967 Lepidum.
694 1917 864 1967 Lepidus
893 1930 967 1956 non
983 1918 1096 1956 venit.
1128 1917 1319 1956 Antonius
1348 1918 1513 1967 quidem,
1544 1919 1609 1968 qui
1628 1919 1742 1957 Octa-

255 1983 357 2021 viani
385 1982 558 2020 Caesaris
587 1993 766 2027 sororem,
797 1981 977 2019 feminam
1004 1984 1089 2020 tum
1116 1981 1261 2020 formae
1288 1985 1500 2028 venustate,
1522 1985 1606 2021 tum
1626 1983 1744 2020 animi

254 2045 465 2084 virtutibus
505 2045 693 2092 insignem
735 2044 928 2092 superiore
971 2056 1071 2082 anno
1112 2057 1270 2083 uxorem
1316 2045 1480 2083 duxerat
1520 2045 1559 2081 in
1587 2045 1743 2093 ejusque

254 2120 424 2146 amorem
452 2110 559 2145 totus
588 2106 729 2144 effusus
756 2106 919 2144 hiemem
947 2106 1108 2145 Athenis
1136 2107 1236 2145 inter
1272 2106 1372 2145 festa
1407 2106 1596 2156 ludosque
1636 2110 1743 2146 tran-

255 2174 418 2220 segerat,
448 2170 698 2209 Brundisium
726 2181 813 2208 cum
842 2169 975 2218 paucis
1002 2169 1188 2209 advectus
1216 2173 1286 2217 est,
1317 2170 1383 2209 sed
1412 2170 1491 2209 sive
1518 2170 1622 2220 quod
1650 2170 1743 2210 Cae-

254 2247 378 2273 sarem
415 2246 492 2272 non
535 2233 746 2281 deprendit,
787 2233 866 2271 sive
903 2232 1047 2270 bellum
1085 2233 1269 2271 adversus
1307 2233 1467 2271 Sextum
1508 2225 1740 2282 improbans,

255 2298 334 2336 sive
362 2296 537 2335 Caesaris
565 2299 796 2346 apparatum
824 2297 1006 2345 majorem
1036 2300 1256 2347 suspectum
1284 2296 1442 2343 habens,
1473 2297 1550 2337 sive
1569 2297 1744 2347 prodigio

253 2361 385 2410 aliquo
412 2361 582 2406 territus,
612 2360 747 2398 statim
774 2360 814 2397 in
842 2360 1043 2398 Graeciam
1072 2363 1131 2399 est
1158 2364 1344 2399 revectus.
1393 2360 1467 2399 Sed
1503 2373 1548 2400 eo
1589 2361 1629 2398 in
1656 2373 1743 2400 con-

253 2426 370 2462 ventu
398 2423 544 2461 indicto
573 2423 726 2462 omnino
753 2423 850 2461 nulli
877 2423 1062 2472 legationi
1090 2426 1175 2462 erat
1201 2424 1320 2470 locus,
1360 2424 1393 2462 si
1429 2423 1648 2473 Appianum
1674 2436 1743 2463 au-

253 2490 400 2525 ctorem
428 2486 634 2534 sequimur,
664 2485 731 2535 qui
758 2497 835 2524 non
862 2498 930 2534 per
956 2486 1104 2535 legatos
1131 2498 1245 2535 agere
1284 2486 1351 2524 sed
1387 2486 1513 2535 ipsum
1541 2486 1744 2524 Caesarem

253 2549 463 2588 adventare
489 2548 653 2588 voluisse
680 2547 883 2588 manifesto
910 2549 1092 2599 prodidit,
1114 2562 1201 2589 cum
1220 2562 1307 2589 eum
1326 2552 1577 2600 conquestum
1596 2561 1678 2589 esse
1696 2548 1744 2588 de
