2012 2917
856 181 1064 220 ,11.-

222 297 279 351 4.)
306 298 487 337 Aetatem
503 297 545 335 in
562 296 768 344 secundae,
782 299 943 346 quartae
956 299 997 335 et
1014 296 1182 336 decimae
1201 295 1355 335 sedibus
1372 300 1585 346 respectam
1603 309 1697 344 esse,

270 361 365 403 ,inde
387 364 434 400 ut
450 361 563 400 videm
590 362 631 400 in
658 374 725 401 sex
750 361 908 411 reliquis
935 360 1081 400 factum
1107 372 1189 399 esse
1207 372 1283 399 non
1309 361 1499 399 immerito
1525 361 1701 399 concludi

234 416 243 420 ”
275 425 407 473 possit.
437 424 566 464 Solam
584 425 746 475 primam
764 424 945 463 absoluto
964 423 1116 462 demum
1134 422 1236 462 libro
1254 424 1439 473 scriptam
1467 436 1549 462 esse
1566 423 1699 462 videri.

330 487 474 527 Contra
510 488 732 535 Frankium,
762 486 813 525 ad
840 487 949 536 cujus
991 486 1224 526 sententiam
1260 486 1339 525 fere
1371 499 1482 526 nemo
1517 487 1699 534 accessit,

225 551 417 592 Teuffelus
443 553 483 591 in
509 551 622 599 libro,
647 546 764 601 ‘quem
787 551 869 600 jam
894 551 1104 590 memoravi
1146 552 1188 600 ¹),
1226 552 1288 589 sat
1315 550 1430 589 certis
1466 550 1703 600 argumentis

224 615 447 667 disputavit.

331 680 406 719 Sed
433 679 629 720 videamus
656 679 740 729 ipsi.

331 869 552 909 Satirarum
592 870 679 909 libri
713 870 837 918 primi
875 870 1049 918 primam
1094 881 1182 908 cum
1222 869 1424 919 diligenter
1459 869 1703 919 perlegerem,

225 934 341 983 plura
368 934 551 983 temporis
578 933 721 972 indicia
748 934 956 972 occurrisse
983 933 1078 972 mihi
1105 932 1345 972 videbantur.
1377 932 1452 972 Sed
1478 946 1520 972 re
1547 946 1703 972 accura-

222 998 300 1037 tius
327 998 528 1048 explorata
555 1011 601 1037 ex
637 998 684 1037 iis
725 998 789 1037 vix
827 999 921 1037 certi
957 998 1166 1048 quidquam
1202 998 1324 1036 statui
1361 1011 1470 1047 posse
1510 998 1606 1037 mihi
1633 1011 1702 1048 pro

220 1065 417 1111 comperto
446 1065 516 1100 est.

326 1125 450 1164 Versu
479 1127 566 1164 101.
595 1129 856 1165 memorantur
882 1126 1056 1164 Maenius
1085 1129 1124 1164 et
1142 1126 1415 1164 Nomentanus.
1448 1148 1495 1153 -
1526 1126 1697 1164 Primum

221 1188 412 1236 scriptura
444 1192 461 1209 “
476 1188 650 1227 Maenius
666 1218 681 1235 ,‚
714 1201 790 1227 non
809 1192 868 1227 est
886 1189 1051 1227 ommino
1070 1192 1187 1235 certa,
1209 1189 1390 1238 quoniam
1408 1188 1581 1238 plerique
1609 1188 1701 1226 libri

221 1263 308 1289 mss.
343 1255 359 1272 “
382 1251 515 1291 Naevii
543 1252 603 1291 vel
630 1252 768 1300 Nevii„
800 1265 937 1292 nomen
965 1251 1147 1291 exhibent
1170 1254 1214 1303 2).
1245 1252 1343 1291 Tum
1374 1255 1421 1290 ut
1448 1264 1577 1291 veram
1605 1252 1697 1291 scri-

222 1318 377 1363 pturam
404 1315 648 1354 Heindorfius
668 1317 923 1363 constituerit,
953 1317 1039 1365 quis
1076 1316 1150 1354 fuit
1177 1316 1377 1354 Maenius?
1413 1316 1506 1354 Fuit
1536 1316 1700 1354 Nomen-

221 1381 323 1425 tano,
354 1391 467 1427 quem
486 1382 578 1418 tunc
592 1380 731 1419 vixisse
747 1393 794 1419 ex
821 1379 913 1418 libri
928 1379 1082 1418 secundi
1101 1382 1238 1418 octava
1256 1383 1416 1429 apparet
1438 1380 1483 1427 ³),
1504 1379 1700 1428 aequalis?

331 1441 371 1480 Si
386 1442 481 1481 'Sat
513 1445 548 1481 3.
580 1457 666 1482 cum
692 1445 764 1492 Ep.
794 1445 821 1482 Ι.
852 1444 912 1482 15.
930 1445 992 1482 26.
1014 1456 1090 1492 seq.
1116 1444 1333 1489 contuleris,
1354 1443 1466 1481 facile
1484 1443 1698 1489 adduceris,

222 1508 267 1543 ut
296 1508 418 1555 putes,
449 1506 558 1545 illum
586 1510 668 1546 tum
695 1521 772 1546 non
785 1508 868 1558 jam
895 1507 1013 1546 fuisse
1039 1507 1139 1546 inter
1166 1508 1281 1547 vivos.
1303 1506 1377 1553 Qui
1404 1507 1577 1546 Maenius
1613 1520 1701 1546 cum

221 1569 359 1607 Lucilii
381 1569 415 1620 ⁴¹)
445 1571 616 1619 aequalis
644 1571 790 1618 fuisset,
819 1575 951 1610 nostro
974 1572 1061 1620 jure
1075 1572 1270 1617 miramur,
1300 1584 1368 1608 eur
1386 1571 1572 1608 Horatius
1590 1571 1700 1608 illum

221 1643 308 1670 cum
334 1632 572 1672 Nomentano
601 1633 676 1672 sibi
694 1634 847 1685 aequali
864 1634 1144 1681 memoraverit,
1167 1646 1410 1684 quamquam,
1429 1634 1522 1684 quia
1539 1636 1701 1684 uterque

220 1696 407 1744 prodigus
437 1701 529 1744 erat,
559 1701 649 1747 apte
676 1699 887 1737 Kirchnero
904 1698 934 1749 ⁵)
963 1711 1040 1737 una
1065 1699 1105 1736 in
1132 1711 1283 1736 scenam
1319 1698 1497 1748 producti
1524 1710 1606 1736 esse
1645 1698 1700 1736 vi·

220 1758 366 1798 dentur.
395 1760 585 1800 Frankius
612 1762 731 1811 igitur
749 1762 851 1801 hunc
869 1763 1062 1801 Maenium
1080 1775 1162 1801 esse
1180 1762 1288 1801 illum
1304 1774 1487 1810 scurram,
1518 1762 1584 1811 qui
1601 1761 1700 1800 Pan-

219 1823 341 1862 tolabi
366 1826 517 1864 nomine
547 1825 627 1865 Sat.
657 1827 686 1865 I.
718 1828 753 1866 8.
789 1828 869 1866 11.;

462 1957 479 1974 “
492 1952 573 1991 Hoc
599 1954 758 1993 miserae
779 1954 883 2002 plebi·
910 1954 1039 1993 stabat
1067 1966 1256 1993 commane
1283 1954 1502 2003 sepulcrum,

494 2016 708 2057 Pantolabo
735 2030 888 2057 sewrrae
917 2018 1221 2067 Nomentanoque
1247 2019 1373 2067 nepoti
1393 2048 1409 2065 „

220 2143 406 2191 carpitur,
436 2144 600 2193 probare
629 2148 789 2184 conatus
817 2149 887 2193 est,
918 2149 958 2184 et
984 2146 1024 2183 in
1053 2145 1170 2184 schol.
1202 2144 1251 2183 ad
1280 2144 1360 2183 Sat.
1381 2145 1410 2183 I.
1432 2145 1467 2182 8.
1502 2145 1562 2182 11.
1593 2155 1698 2182 men-

219 2205 311 2244 dose
345 2210 361 2228 “
381 2207 538 2247 Mallius
567 2209 803 2249 Pontolabus
831 2222 962 2249 scurra
981 2240 997 2257 „
1029 2222 1099 2259 pro
1131 2214 1147 2231 “
1161 2209 1334 2248 Maenias
1353 2239 1368 2256 „
1402 2208 1586 2258 scriptum
1618 2220 1699 2246 esse

326 2345 345 2387 ¹)
368 2345 517 2379 Museum
538 2347 592 2380 fiir
612 2348 694 2382 Phil.
716 2358 789 2391 pag.
813 2351 864 2383 95.

322 2400 346 2440 ²)
370 2399 404 2431 C.
426 2399 596 2433 Kirchner.
612 2402 636 2434 Ι.
659 2405 711 2435 40.
735 2407 767 2435 et
789 2406 840 2435 41.

322 2452 345 2491 ³)
370 2451 461 2484 Gonf.
483 2463 511 2484 v.
535 2455 586 2485 23.
610 2456 660 2486 25.
685 2456 736 2487 60.

323 2506 345 2546 ⁴)
369 2503 403 2537 C.
425 2503 543 2546 Porph.
566 2505 609 2539 ad
631 2506 771 2541 Satiram
792 2509 816 2541 Ι.
841 2510 869 2542 3.
893 2510 944 2540 21.
970 2509 985 2526 “
1003 2508 1095 2549 cujus
1118 2512 1150 2541 et
1171 2507 1315 2542 Lucilius
1338 2509 1385 2542 sic
1406 2508 1574 2541 meminit:
1604 2507 1695 2542 Mae-

219 2557 293 2590 nius
314 2557 493 2605 columnam
515 2567 587 2591 cum
608 2564 735 2600 peteret
748 2585 776 2601 „.

324 2611 346 2653 ⁵)
370 2610 436 2642 Sat.
457 2610 498 2643 11.
519 2610 544 2642 Ι.
566 2620 598 2653 p.
621 2612 671 2644 20.
