2012 2917
372 259 446 299 Sed
475 272 606 299 versus
623 274 631 297 :

506 374 578 422 Sic,
606 375 672 424 qui
692 375 888 423 promittit
914 375 1018 421 cives,
1047 375 1175 413 wrbem
1202 375 1275 414 sibi
1302 387 1415 413 curae

505 439 710 489 Imperium
737 439 816 487 fore
844 441 879 477 et
907 438 1077 486 Italiam,
1107 438 1260 477 delubra
1287 438 1448 477 deorum.

262 557 317 595 sic
343 559 434 595 sunt
460 555 680 605 accipiendi⁷
710 558 756 593 ut
783 567 882 604 quae
910 554 1034 593 officia
1061 555 1229 593 omnium
1267 555 1434 594 virorum
1475 555 1658 594 senatorii
1685 568 1745 594 or-

262 620 363 658 dinis
390 619 562 665 fuissent,
592 618 758 657 indicare
798 618 963 657 voluerit
1000 622 1125 667 poeta.
1170 618 1401 657 Scholiastes
1429 619 1664 668 Porphyrion
1691 619 1745 658 sic

261 683 387 721 locum
414 682 603 731 explicat:
639 685 656 702 “
680 681 742 719 Sic
770 681 836 730 qui
864 682 1057 730 promittit
1085 695 1125 720 se
1153 682 1334 720 inservire
1376 683 1567 721 senatorio
1608 682 1742 729 ordini,

260 749 299 785 et
326 745 601 795 rempublicam
628 744 896 783 administrare
924 745 1040 794 cupit,
1071 745 1278 794 adstringit
1306 758 1345 783 se
1378 745 1429 783 ad
1465 758 1548 784 eam
1584 747 1744 785 necessi-

260 813 391 856 tatem,
420 812 466 846 ut
493 809 712 857 inquiratur
738 809 777 845 in
805 821 891 846 eum
919 821 943 846 a
971 808 1129 855 civibus,
1160 822 1235 857 quo
1278 821 1416 857 genero
1456 812 1572 847 natus
1613 810 1674 856 sit,
1704 810 1744 847 in

257 876 403 923 quanto
430 884 546 911 censu
574 872 626 910 sit
654 872 897 911 constitutus.
924 902 940 919 „
974 872 1234 911 Maecenatem
1262 885 1349 911 vero
1378 871 1519 911 Caesar
1546 885 1633 911 cum
1651 872 1740 911 urbi

258 940 297 975 et
324 937 462 974 Italiae
489 936 785 984 praeposuisset,
825 948 901 973 non
936 936 975 973 id
1014 935 1114 981 fecit,
1163 936 1274 984 quasi
1301 936 1409 973 illum
1446 937 1603 982 muneri,
1638 937 1742 985 quod

256 999 411 1049 quidem
446 999 526 1048 peti
562 1002 702 1048 posset,
733 998 965 1048 praeficeret,
997 998 1062 1037 sed
1090 999 1262 1037 amicitia
1289 998 1440 1046 ductus,
1480 1002 1520 1037 et
1556 998 1630 1038 fide
1658 999 1739 1049 ejus

258 1063 390 1101 fretus.
430 1063 563 1100 Noluit
597 1063 716 1110 igitur
743 1066 857 1111 poeta
885 1063 1114 1100 mentionem
1141 1063 1264 1100 facere
1291 1062 1445 1100 honoris
1464 1076 1488 1100 a
1515 1062 1676 1101 Caesare
1701 1064 1741 1101 in

257 1126 518 1164 Maecenatem
545 1125 676 1171 delati,
710 1149 756 1152 -
786 1125 951 1171 honoris,
981 1138 1094 1174 quem
1122 1129 1166 1163 ut
1194 1125 1394 1164 observavi
1412 1138 1481 1174 per
1495 1125 1742 1165 ambitionem

256 1202 367 1230 nemo
394 1190 548 1239 assequi
576 1192 715 1239 posset.
744 1189 863 1227 Recte
892 1189 1010 1238 igitur
1038 1189 1205 1227 dicemus
1234 1188 1393 1227 satiram
1421 1201 1520 1228 anno
1542 1190 1630 1228 718.
1652 1202 1739 1229 con-

256 1258 319 1293 tra
345 1254 519 1292 inimicos
548 1267 648 1300 suos,
692 1266 854 1302 quorum
882 1266 1063 1291 numerus
1091 1257 1178 1302 post
1214 1253 1288 1291 iter
1320 1253 1593 1304 Brundisinum
1630 1254 1741 1292 valde

256 1321 395 1358 auctus
427 1321 496 1365 est,
527 1317 794 1367 conscripsisse
821 1320 985 1366 poetam,
1016 1320 1133 1366 atque
1162 1317 1424 1357 demonstrare
1460 1317 1634 1365 voluisse,
1664 1331 1741 1368 qua

256 1382 332 1421 sibi
359 1383 508 1422 ratione
535 1382 770 1419 Maecenatis
808 1381 1066 1419 conciliaverit
1094 1381 1312 1428 amicitiam,
1350 1394 1470 1430 eaque
1511 1382 1663 1420 minime
1690 1382 1740 1420 ad

251 1445 454 1495 splendida
480 1446 519 1484 in
548 1458 589 1484 re
616 1444 770 1495 publica
798 1457 954 1483 munera
981 1444 1174 1494 captanda
1202 1457 1240 1483 se
1269 1458 1350 1483 esse
1378 1445 1598 1485 abusurum.

360 1646 535 1686 Satiram
562 1647 761 1695 septimam
790 1647 958 1685 omnium
985 1647 1146 1695 primam
1178 1646 1226 1683 ab
1257 1646 1420 1684 Horatio
1440 1659 1521 1684 esse
1539 1650 1738 1685 exaratam

252 1712 353 1750 inter
381 1723 511 1750 omnes
548 1711 649 1749 viros
685 1710 827 1757 doctos,
871 1711 903 1748 si
935 1723 1054 1749 unum
1083 1710 1294 1748 Frankium
1321 1710 1499 1759 excipias,
1549 1710 1735 1749 convenit.

252 1776 310 1814 De
355 1788 456 1814 anno
496 1778 649 1813 tantum
689 1775 932 1821 dissentiunt,
976 1788 1062 1812 cum
1107 1774 1405 1812 Walckenaerus
1425 1776 1454 1823 ¹)
1497 1786 1597 1813 anno
1635 1775 1736 1821 712„

252 1839 464 1886 Massonus,
494 1838 727 1877 Kirchnerus
756 1851 789 1877 a.
819 1851 855 1876 u.
889 1839 977 1876 713.
999 1838 1106 1876 illam
1122 1838 1411 1887 assignaverint.
1442 1837 1611 1884 Quorum
1638 1838 1737 1877 viro-

252 1916 337 1942 rum
359 1903 503 1952 judicio
539 1906 579 1941 et
607 1915 676 1951 ego
713 1902 862 1949 accedo,
907 1915 993 1940 cum
1022 1902 1178 1940 Frankii
1205 1905 1431 1951 argumenta
1471 1902 1615 1940 nullius
1656 1914 1738 1940 esse

251 1967 435 2006 momenti
475 1966 571 2004 mihi
607 1965 731 2004 habeo
773 1978 1008 2015 persuasum,
1052 1965 1231 2015 facilique
1278 1965 1430 2014 negotio
1466 1977 1577 2014 posse
1617 1964 1738 2003 refelli

250 2034 394 2081 putem.
446 2031 484 2069 Is
534 2030 633 2069 enim
671 2042 758 2068 cum
801 2030 1033 2069 mentionem
1075 2029 1155 2068 litis
1197 2029 1317 2068 Persii
1365 2032 1404 2068 et
1450 2029 1582 2078 Rupili
1621 2028 1737 2077 Regis

252 2107 286 2133 a.
318 2096 405 2132 711.
436 2094 494 2133 vel
524 2095 611 2132 712.
661 2093 786 2131 factae
830 2105 1070 2143 nequaquam
1111 2093 1275 2142 probare
1314 2093 1473 2131 satiram
1514 2092 1622 2131 brevi
1649 2095 1737 2141 post

359 2256 377 2296 ¹)
400 2255 461 2287 Vie
484 2255 514 2286 d'
524 2255 651 2286 Horace
673 2264 705 2294 p.
729 2256 801 2285 63.:
825 2254 851 2285 Il
874 2263 915 2285 ne
938 2253 1008 2286 faut
1029 2263 1089 2294 pas
1112 2263 1193 2285 nous
1217 2254 1353 2285 etonner
1376 2253 1413 2293 si,
1437 2252 1477 2284 de
1501 2256 1573 2285 tous
1595 2252 1626 2284 le
1660 2261 1733 2285 vers

254 2308 308 2348 qui
330 2317 412 2340 nous
434 2310 559 2340 restent
581 2307 612 2339 d’
623 2307 752 2340 Horace
775 2307 823 2338 les
845 2307 1003 2347 premiers
1027 2316 1067 2339 en
1091 2306 1166 2339 date
1189 2310 1264 2339 sont
1286 2315 1350 2338 une
1373 2309 1483 2338 courte
1513 2306 1622 2346 satire,
1647 2306 1689 2337 οὺ
1710 2305 1734 2337 il

249 2361 309 2393 n'a
331 2370 371 2393 eu
393 2370 476 2401 pour
497 2360 556 2393 but
578 2369 640 2401 que
670 2360 710 2393 de
743 2359 890 2392 versifier
918 2370 962 2392 un
995 2369 1089 2392 assez
1121 2360 1267 2392 mauvais
1294 2360 1352 2400 jeu
1383 2358 1423 2391 de
1453 2362 1536 2391 mots
1569 2359 1625 2399 qui
1647 2358 1734 2392 avait

250 2414 354 2446 excite
376 2414 408 2446 le
430 2414 495 2446 rire
518 2413 558 2445 de
581 2417 654 2446 tous
676 2422 758 2445 ceux
780 2413 835 2453 qui
858 2423 893 2445 se
915 2413 1098 2445 trouvaient
1125 2413 1273 2453 presents
1295 2412 1414 2452 lorsqu’
1427 2412 1450 2443 il
1480 2412 1529 2444 fut
1557 2412 1733 2453 prononce,

248 2468 281 2497 et
303 2466 368 2506 qui,
392 2474 433 2497 en
455 2465 541 2506 effet‚
564 2466 644 2497 etait
672 2465 784 2497 risible
806 2474 867 2505 par
889 2473 926 2497 sa
948 2465 1121 2504 burlesque
1144 2464 1364 2504 application3
1386 2473 1485 2504 parce
1507 2463 1592 2504 qu'il
1614 2463 1664 2495 fut
1686 2462 1734 2494 dit

247 2521 440 2559 naivement,
463 2522 497 2550 et
517 2521 645 2551 surtout
667 2527 746 2551 avec
767 2527 811 2550 un
833 2517 937 2559 grand
959 2517 1098 2559 seriem,
1120 2526 1181 2558 par
1202 2526 1262 2550 son
1295 2520 1419 2559 auteur,
1448 2526 1524 2550 sans
1553 2516 1607 2557 qu’
1621 2515 1646 2548 il
1674 2523 1732 2557 pa-

246 2573 299 2604 rut
321 2581 357 2604 se
380 2572 497 2604 douter
518 2575 733 2605 aucunement
755 2571 796 2603 de
819 2581 856 2603 ee
879 2571 957 2611 qu’il
980 2571 1068 2603 avait
1090 2571 1130 2602 de
1153 2570 1296 2603 ridicule.
