2012 2917
872 180 1078 220 „15-

244 330 260 348 „
278 301 405 346 satire,
436 312 486 338 ou
514 298 577 348 qu'
592 299 621 337 il
648 311 695 337 ne
721 298 879 347 pouvait
905 296 1061 335 resister
1088 308 1139 334 au
1157 295 1349 345 penchant
1376 296 1442 345 qui
1470 296 1495 333 l'
1511 294 1720 334 entrainait

242 393 259 410 „
276 375 360 403 vers
387 374 429 400 ce
444 374 570 411 ¹genre
596 361 775 408 d’ecrire,
804 360 928 410 puisq’
944 359 972 397 il
999 360 1161 398 l'exerce
1196 362 1325 397 contre
1367 358 1573 397 lui-meme.
1614 353 1720 397 Nous

243 456 260 473 „
279 426 422 465 devons
450 438 498 464 en
526 425 715 471 conclure,
746 424 853 463 selon
879 424 919 461 la
945 435 1144 472 remarque
1172 423 1264 460 d’un
1290 422 1356 461 des
1384 423 1470 471 plus
1498 425 1653 461 savants
1681 425 1721 460 et

242 518 259 534 „
277 489 344 527 des
372 489 457 537 plus
480 485 680 537 judicieux
707 487 890 535 critiques
917 486 963 523 de
989 489 1101 524 notre
1128 489 1251 534 temps
1271 488 1313 535 1)‚
1344 498 1417 533 que
1444 485 1469 522 1’
1484 485 1720 533 ophthalmie

243 581 260 599 „
278 551 314 590 d’
325 550 476 591 Horace
503 550 600 590 etait
626 549 751 599 legere
789 552 828 588 et
866 548 929 599 qu’
946 548 1017 588 elle
1054 548 1210 588 alterait
1247 561 1320 599 peu
1346 548 1402 587 les
1430 548 1645 598 agrements
1673 548 1721 587 de

242 646 259 663 „
278 628 322 654 sa
347 614 477 664 figure,
509 627 559 653 ou
586 614 649 663 qu’
661 615 733 652 elle
760 614 797 651 n'
812 613 1008 662 attaquait
1044 626 1104 651 ses
1140 626 1239 662 yeux
1276 626 1349 662 que
1375 625 1446 662 par
1472 613 1691 650 intervalles
1711 626 1719 658 ;

243 708 260 725 ,,
278 678 368 722 bien
395 676 593 716 differente
622 690 669 716 en
696 677 779 716 cela
806 677 852 715 de
880 689 942 715 ces
956 675 1198 726 -ophtalmies
1226 677 1464 727 chroniques‚
1495 689 1587 715 avec
1613 679 1722 726 perte

243 742 325 789 „de
353 742 432 788 cils‚
462 742 528 791 qui
554 741 715 781 rendent
741 742 780 780 la
807 740 927 791 figure
967 741 1126 779 hideuse
1144 742 1465 790 2).,,Ρο611011111
1512 753 1600 779 vero
1625 741 1721 779 artis

237 804 426 854 perfectae
453 807 492 842 et
519 804 721 843 absolutae
748 804 900 842 laudem
928 804 1112 866 1101611115
1140 805 1304 842 maxime
1331 804 1405 842 hac
1433 804 1576 853 ecloga,
1605 803 1722 841 urba-

241 867 364 906 nitate
391 881 484 906 usus
511 868 674 918 ingenuo
702 868 854 906 homine
882 867 1008 917 digna,
1039 881 1158 917 eaque
1186 881 1270 906 oum
1291 867 1510 906 admirabili
1528 868 1656 917 lepore
1684 871 1723 906 et

242 932 416 970 acumine
444 932 673 978 consociata,
715 931 789 969 sibi
830 932 991 981 paravit,
1035 935 1079 970 ut
1107 932 1303 981 aptissime
1330 932 1600 982 perpulchrum
1626 931 1724 970 illud

240 995 483 1044 Francogalli
511 995 711 1045 cujusdam
738 997 777 1033 in
806 995 1010 1033 Horatium
1039 995 1239 1033 transferri
1266 996 1359 1033 mihi
1386 996 1578 1034 videatur:

350 1062 365 1079 ‘⁴
389 1058 514 1097 Meme
540 1058 669 1107 quand
693 1058 853 1096 Z’oiseau
882 1059 1027 1097 marche
1054 1071 1102 1096 on
1130 1063 1211 1097 sent
1239 1059 1298 1107 qu'
1314 1059 1343 1096 il
1371 1072 1396 1096 a
1423 1059 1485 1096 des
1515 1058 1609 1096 ailes
1628 1088 1658 1104 „.

240 1121 312 1160 Ars
339 1122 457 1171 igitur
484 1125 619 1171 poetae
646 1121 801 1171 probati
829 1122 869 1160 in
896 1121 968 1160 hac
996 1122 1127 1172 ecloga
1143 1135 1320 1172 expressa
1335 1123 1514 1169 cernitur,
1536 1122 1722 1171 quamob-

239 1198 318 1224 rem
364 1198 449 1223 eam
489 1186 733 1232 Kirchnerus,
764 1186 976 1233 Frankius,
1006 1186 1221 1225 Diintzerus
1263 1190 1302 1225 et
1343 1186 1639 1225 Walckenaerus
1686 1198 1720 1223 a.

237 1262 274 1287 u.
305 1261 336 1287 c.
368 1250 455 1288 719.
485 1250 740 1299 assignarunt.
785 1249 856 1288 Cui
902 1250 1113 1289 sententiae
1154 1253 1193 1288 et
1235 1263 1304 1299 ego
1331 1249 1606 1299 probabiliora,
1636 1263 1723 1288 cum

238 1315 344 1351 certa
373 1313 501 1352 desint
527 1313 680 1360 indicia,
711 1313 944 1362 amplectens
973 1314 1122 1352 accedo.

349 1512 559 1552 Secundam
587 1515 751 1551 satiram
779 1518 818 1552 et
845 1514 1003 1552 tertiam
1031 1515 1132 1552 inter
1170 1527 1210 1552 se
1248 1515 1488 1564 comparanti
1526 1515 1724 1554 exordium

238 1588 262 1615 a
285 1571 426 1626 'Tigelli
443 1576 614 1616 moribus
634 1577 893 1617 describendis
921 1580 1074 1628 poetam
1094 1579 1296 1628 sumpsisse
1316 1579 1450 1617 statim
1469 1579 1647 1627 occurrit,
1668 1579 1725 1619 ita

239 1649 378 1688 tamen,
407 1645 453 1679 ut
481 1642 649 1680 secunda
676 1646 766 1681 ante
794 1643 949 1681 tertiam
979 1646 1165 1692 appareat
1193 1643 1414 1693 composita.

346 1736 520 1776 Secunda
548 1738 647 1777 enim
674 1739 731 1776 ita
760 1738 912 1788 incipit:

377 1857 393 1873 “
416 1852 719 1892 Ambubaiarum
747 1854 908 1903 collegia,
930 1854 1255 1903 pharmacopolae,

419 1916 599 1964 Mendici,
630 1919 774 1965 mimae,
805 1918 1024 1965 balatrones,
1052 1918 1116 1957 hoc
1140 1931 1255 1968 yenus
1283 1931 1388 1960 omne

416 1969 608 2009 Maestum
637 1984 681 2009 ac
708 1972 893 2010 solicitum
922 1976 996 2009 est
1024 1974 1189 2010 cantoris
1217 1976 1333 2010 morte
1362 1972 1492 2022 Tiyeai'
1512 2002 1527 2019 „

297 2075 431 2114 Tertia
447 2091 454 2114 :
1199 2066 1229 2097 Ψ

377 2181 393 2198 “
421 2176 601 2218 Omnibus
627 2179 691 2218 hoc
718 2181 852 2218 vitium
879 2184 933 2218 est
961 2181 1186 2226 cantoribus,
1219 2182 1317 2219 inter
1345 2182 1483 2219 amieos

421 2240 468 2278 Ut
495 2254 690 2291 nunquam
718 2243 899 2281 inducant
926 2244 1098 2281 animum
1125 2247 1278 2282 eantare
1305 2245 1436 2293 royati,

415 2303 562 2343 Iniussi
589 2318 783 2354 nunquam
810 2308 1001 2345 desistant.
1032 2306 1180 2346 Sardus
1208 2309 1418 2346 habebat

417 2365 487 2405 lae
517 2367 693 2417 Tiqellius
720 2370 795 2408 hoc.
811 2400 827 2417 „

351 2499 369 2539 ¹)
392 2487 499 2530 Fried.
522 2499 643 2532 Jacobs
665 2501 925 2543 Abhandlungen
947 2503 984 2534 T.
1007 2502 1062 2535 IV.
1086 2504 1113 2544 ξ.
1142 2505 1190 2534 14.
1214 2508 1245 2534 et
1270 2505 1319 2535 15.
1342 2513 1373 2544 p.
1399 2505 1469 2535 304.

247 2604 274 2637 Τ
346 2552 379 2637 ²)I
392 2550 534 2583 Histoire
557 2552 597 2584 de
619 2552 653 2586 la
675 2554 725 2586 vie
749 2557 781 2587 et
803 2554 861 2588 des
883 2555 1012 2597 poesies
1034 2555 1065 2588 d’
1073 2555 1201 2589 Horace
1224 2566 1284 2597 par
1306 2556 1337 2589 le
1360 2556 1469 2589 Baron
1491 2557 1717 2590 Walckenaer.

278 2613 340 2637 om.
381 2629 387 2637 .
410 2614 442 2646 p.
466 2606 515 2637 64.
