2012 2917
285 287 408 338 igitur
435 287 567 326 docuit
589 287 727 326 Invicti
752 287 905 326 nomine
927 287 1009 337 jam
1035 289 1142 336 prius
1170 287 1424 326 Octavianum
1441 289 1612 338 potuisse
1625 289 1764 337 ornari,

287 364 405 402 quam
434 351 644 406 Antonium
670 350 824 390 vicisset
851 354 891 389 et
918 350 1174 400 Cleopatram.
1205 349 1280 390 Sed
1295 354 1334 390 et
1360 364 1430 390 nos
1460 351 1534 391 hoc
1560 353 1644 393 loco
1670 346 1768 393 illud

290 415 449 456 Teufleli
478 418 497 437 “
513 415 683 465 potuisse
711 415 838 453 ornari
857 444 874 461 „
914 427 984 453 nec
1023 418 1154 453 tamen
1180 414 1297 453 fuisse
1337 415 1549 454 ornandum
1585 416 1766 456 dicemus.

290 479 397 518 Idem
438 478 628 518 Teuffelus
676 481 875 527 praeterea
902 478 1005 527 quod
1044 478 1235 517 Frankius
1265 481 1304 516 et
1335 478 1570 517 Kirchnerus
1610 480 1767 519 conten-

289 543 443 591 derunt,
472 545 630 592 propter
657 541 855 581 Gallorum
883 545 922 580 et
948 541 1181 580 Parthorum
1199 542 1431 581 mentionem
1448 542 1768 583 verisimillimum

289 620 374 646 esse
400 610 491 646 ante
518 619 552 644 a.
584 607 673 644 724.
703 609 772 644 aut
800 618 834 644 a.
867 606 953 644 725.
983 605 1100 644 scribi
1126 619 1202 644 non
1228 607 1410 655 potuisse,
1447 606 1607 645 Frankii
1646 606 1768 656 ipsius

290 670 363 709 hac
391 660 735 719 argumentatione,
766 682 1004 708 communem
1032 673 1233 719 poetarum
1252 670 1357 708 illius
1375 671 1515 709 aetatis
1542 665 1661 710 fuisse
1686 683 1768 710 mo-

288 746 380 781 rem,
412 737 455 773 ut
482 734 634 772 etiamsi
662 732 897 772 Octavianus
910 732 1016 780 nihil,
1036 733 1140 782 quod
1154 732 1361 772 admodum
1380 733 1629 773 memorabile
1656 737 1767 782 esset,

290 797 474 837 adversus
501 797 667 836 Parthos
695 797 845 846 egisset,
873 795 1073 846 magnifice
1099 799 1229 835 tamen
1265 797 1313 835 de
1339 796 1456 836 rebus
1496 797 1687 837 Parthicis
1712 798 1770 837 lo-

290 864 509 911 querentur,
539 859 725 898 infirmari
752 860 1037 907 animadvertit,
1067 863 1106 898 et
1133 859 1342 899 Octaviano
1361 872 1449 898 cum
1466 860 1599 899 'Gallis
1625 863 1665 899 et
1679 864 1771 900 ante

288 937 431 964 annum
461 924 549 963 724.
565 927 606 963 et
629 927 718 974 post
743 936 825 963 rem
856 923 973 963 fuisse
1001 923 1124 963 docet.
1155 923 1299 963 Contra
1326 924 1492 963 alterum
1520 923 1719 963 Kirchneri
1740 923 1772 976 ¹)

291 991 560 1037 argumentum
587 988 643 1027 sic
670 988 855 1037 disputat,
884 990 930 1026 ut
957 987 1312 1037 interpretationem
1331 987 1438 1026 illam
1464 1000 1596 1027 versus
1624 988 1686 1026 84.
1703 987 1772 1027 du-

290 1052 407 1099 biam,
436 1064 514 1090 non
540 1050 796 1101 probabilem,
824 1064 873 1090 ne
900 1051 1006 1090 dicat
1032 1051 1170 1090 falsam
1198 1064 1280 1089 esse
1303 1051 1520 1090 contendat.
1550 1051 1682 1091 Tertio
1709 1052 1774 1091 de-

290 1116 405 1165 nique
433 1117 660 1164 argumento
687 1114 835 1153 nullam
861 1114 1050 1164 probandi
1076 1115 1153 1153 vim
1179 1114 1302 1153 inesse
1329 1114 1436 1153 dicit.

395 1179 458 1218 Sic
484 1178 562 1216 illis
599 1179 839 1227 argumentis
876 1178 1121 1217 labefactatis
1158 1191 1296 1217 novam
1323 1179 1447 1225 viam,
1485 1191 1564 1228 qua
1606 1182 1776 1218 aetatem

288 1241 433 1280 satirae
460 1241 661 1288 inveniret,
704 1242 899 1291 ingressus
932 1246 1001 1280 est.
1045 1242 1287 1291 Comparatis
1316 1242 1418 1280 enim
1445 1242 1547 1280 inter
1567 1254 1607 1280 se
1647 1242 1774 1291 prima

289 1308 329 1344 et
355 1304 494 1355 quinta
522 1304 639 1355 hujus
666 1305 759 1344 libri
786 1306 919 1353 satira,
936 1306 977 1344 in
1004 1305 1073 1344 illa
1090 1305 1296 1344 Horatium
1314 1305 1426 1355 quasi
1443 1305 1618 1354 invitum,
1634 1306 1675 1344 in
1702 1306 1775 1345 hac

289 1369 393 1408 ultro
422 1373 460 1408 et
490 1382 607 1407 causa
634 1373 760 1419 capta,
789 1374 834 1408 ut
862 1370 984 1419 ajunt,
1015 1370 1065 1408 ad
1093 1369 1296 1408 Caesarem
1332 1369 1571 1408 laudandum
1599 1383 1680 1409 esse
1708 1371 1773 1409 de-

291 1434 417 1472 latum
445 1433 655 1471 contendit.
683 1433 933 1472 Manifestum
961 1437 1019 1471 est
1046 1434 1175 1483 igitur,
1207 1429 1337 1483 inquit*
1369 1432 1579 1472 Teuffelus:
1608 1435 1774 1484 primam

293 1498 544 1536 antecessisse
572 1501 612 1537 et
640 1497 796 1547 quidem
823 1498 1023 1547 aliquanto
1051 1497 1299 1536 antecessisse
1323 1497 1510 1546 quintam.
1540 1497 1664 1544 Quam
1691 1499 1773 1548 opi-

291 1563 445 1600 nionem
474 1574 518 1599 eo
545 1560 692 1599 firmari
716 1565 841 1611 putat,
872 1561 975 1611 quod
1002 1562 1042 1599 in
1070 1574 1222 1599 versum
1251 1561 1314 1598 22.
1342 1561 1408 1599 lib.
1437 1561 1486 1599 II.
1518 1560 1668 1600 Satirae
1695 1563 1774 1611 pri-

292 1638 378 1664 mae
418 1625 633 1671 Pantolabi,
677 1638 792 1675 quem
819 1625 860 1663 in
888 1625 968 1664 Sat.
998 1626 1028 1663 I.
1058 1625 1094 1663 8.
1123 1625 1340 1674 carpsisset,
1370 1625 1513 1663 mentio
1541 1625 1591 1663 sit
1618 1626 1773 1675 injecta.

293 1690 399 1736 Quae
438 1689 596 1739 quidem
627 1692 782 1739 praeter
823 1689 1129 1739 expectationem
1174 1692 1274 1726 esset
1300 1688 1405 1726 facta
1431 1691 1549 1738 atque
1581 1689 1776 1739 explicatu

293 1753 472 1801 difficilis,
501 1753 543 1791 ni
574 1766 726 1792 versum
766 1753 1012 1791 undecimum
1040 1753 1184 1791 satirae
1210 1751 1301 1789 libri
1326 1752 1443 1800 primi
1476 1755 1643 1800 octavae,
1673 1753 1774 1792 Sati-

298 1818 351 1860 ris
379 1817 471 1855 libri
498 1818 614 1867 primi
641 1818 682 1855 in
709 1829 830 1855 unum
857 1829 995 1866 corpus
1023 1816 1193 1854 collectis
1207 1818 1325 1864 atque
1338 1827 1461 1864 nuper
1489 1816 1602 1854 editis
1628 1817 1669 1855 in
1696 1830 1775 1856 me-

298 1882 462 1920 moriam
494 1885 716 1919 revocatum
757 1893 838 1919 esse
878 1884 1115 1930 putaremus.
1157 1879 1323 1926 Deinde,
1366 1892 1452 1917 cum
1485 1879 1584 1918 liber
1627 1881 1776 1930 primus

295 1945 400 1983 haud
450 1945 573 1983 multo
623 1945 710 1993 plus
750 1944 855 1982 mille
896 1956 1027 1982 versus
1069 1943 1324 1992 complectens
1370 1942 1496 1981 editus
1546 1948 1646 1982 esset
1659 1974 1669 1990 ,
1712 1945 1779 1982 ob-

296 2012 525 2047 trectatores
551 2012 689 2058 poetae
729 2008 852 2046 nostri
883 2020 1014 2046 versus
1055 2006 1141 2045 illos
1182 2006 1302 2045 oculis
1335 2006 1614 2056 perlustrantes
1650 2006 1776 2046 dicere

297 2073 479 2122 potuisse,
508 2072 588 2110 tale
615 2072 710 2121 quid
736 2072 885 2110 nullam
913 2075 1038 2109 artem
1077 2071 1282 2120 requirere,
1312 2074 1351 2108 et
1380 2071 1515 2119 paucis
1556 2070 1691 2109 diebus
1719 2071 1776 2109 fa-

295 2136 367 2174 cile
394 2149 505 2186 posse
532 2135 822 2174 conscribillari.
850 2135 1056 2173 Horatium
1084 2134 1203 2183 igitur
1216 2134 1379 2172 voluisse
1406 2132 1621 2183 significare
1648 2146 1689 2173 se
1715 2138 1776 2173 ta-

301 2213 389 2238 men
417 2200 457 2237 in
490 2200 620 2237 satiris
650 2199 920 2249 componendis
948 2211 1029 2237 esse
1064 2201 1416 2247 perseveraturum,
1459 2210 1547 2235 cum
1578 2197 1619 2235 id
1658 2210 1778 2247 genus

300 2275 392 2301 suae
419 2266 583 2301 naturae
614 2263 782 2300 maxime
810 2266 910 2300 esset
937 2265 1236 2300 consentaneum
1255 2264 1294 2299 et
1320 2261 1379 2299 vir
1392 2263 1493 2298 esset
1519 2260 1690 2311 insignis,
1711 2263 1778 2312 qui

299 2328 426 2377 ipsum
450 2340 498 2366 ne
517 2327 557 2365 id
571 2340 691 2377 genus
725 2327 932 2373 omitteret,
976 2326 1198 2365 hortaretur
1231 2326 1280 2376 (v.
1312 2324 1404 2374 84.).
1440 2324 1564 2371 Quam
1595 2325 1777 2365 adhorta-

299 2404 388 2429 nem
416 2391 466 2429 ad
507 2392 646 2429 satiras
674 2391 806 2429 decem
832 2391 989 2440 priores,
1028 2403 1127 2440 quae
1154 2391 1195 2428 in
1221 2390 1386 2438 Augusti
1412 2401 1548 2427 manus
1573 2391 1777 2438 venissent,

300 2455 457 2505 ejusque
484 2455 801 2505 approbationem
829 2455 1046 2502 movissent,
1064 2455 1104 2493 in
1118 2467 1238 2493 unum
1257 2453 1399 2492 librum
1427 2453 1606 2493 collectas
1634 2458 1673 2493 et
1700 2468 1779 2494 una

406 2587 428 2627 ι)
454 2586 573 2619 Histor.
596 2586 784 2628 Eiuleitung
806 2597 878 2628 pag.
902 2589 952 2618 21.
