2012 2917
909 128 1117 167 -10-

374 243 472 283 Cum
495 244 577 294 jam
604 247 759 294 praeter
786 244 882 283 alios
910 244 1012 284 viros
1030 244 1271 284 Weichertus
1288 246 1328 283 in
1343 245 1674 295 praestantissimo
1690 246 1758 285 illo

265 307 386 347 libro:
416 308 624 347 Poetarum
651 306 877 347 Latinorum
894 307 1091 358 reliquiae,
1115 307 1351 358 Bentlejanis
1368 308 1584 350 rationibus
1601 308 1759 350 dubiam

266 372 381 412 fidem
408 372 558 419 habuit,
590 376 676 411 tum
704 373 870 411 maxime
897 371 1132 411 Kirchnerus
1169 371 1268 410 hanc
1295 372 1463 422 Bentleji
1502 374 1692 413 rationem
1719 375 1760 413 in

267 435 560 487 quaestionibus
586 435 811 474 Horatianis
835 435 1080 485 improbavit,
1111 438 1151 474 et
1172 435 1219 473 de
1237 435 1390 485 integro
1409 437 1632 485 quaestione
1649 438 1759 477 insti-

268 504 357 540 tuta
384 499 482 539 duos
510 499 726 539 Satirarum
752 498 873 538 libros
909 511 987 538 non
1026 499 1130 538 intra
1166 502 1323 549 septem,
1363 499 1430 538 sed
1465 499 1569 538 intra
1596 501 1760 540 sedecim

267 576 456 603 annorum
483 563 668 602 terminos
696 562 910 601 constituit.
941 562 1133 601 Frankius
1161 562 1284 612 magis
1322 575 1409 601 cum
1454 563 1627 614 Bentlejo
1641 563 1758 612 facit;

268 632 405 668 contra
431 627 730 666 Walckenaerus
751 628 778 676 ¹)
798 627 838 664 in
866 626 1135 666 constituendo
1163 625 1380 665 Satirarum
1404 630 1575 678 tempore
1601 628 1760 678 paulum

269 705 292 730 a
319 691 532 731 Kirchnero
560 690 706 737 differt3
729 688 921 729 Teuffelus
941 692 972 740 ²)
1002 690 1156 729 Horatii
1184 689 1402 729 Satirarum
1437 691 1581 730 librum
1608 692 1637 730 I.
1658 692 1761 731 intra

269 769 301 794 a.
323 756 412 793 713.
437 757 476 793 et
496 754 598 800 719„
629 753 836 792 secundum
865 754 969 792 intra
996 766 1031 791 a.
1067 754 1153 792 821.
1174 757 1213 792 et
1242 754 1330 792 727.
1356 754 1549 801 includit3
1581 755 1761 805 Zumptio

267 819 371 857 intra
399 830 432 857 a.
464 818 552 856 714.
574 820 612 856 et
641 817 729 855 724.
761 816 912 856 Satirae
939 817 1105 867 scriptae
1124 829 1206 856 esse
1224 817 1414 856 videntur.
1437 816 1586 863 Quibus
1611 822 1760 858 senten-

271 883 337 922 tiis
365 882 572 933 propositis
610 881 837 920 accedamus
864 881 915 920 ad
942 881 1179 931 singularum
1220 882 1427 920 satirarum
1468 886 1642 931 tempora
1670 882 1760 922 defi-

272 947 423 986 nienda.
467 946 622 985 Etenim
665 945 697 983 si
725 944 773 984 de
801 945 962 995 singulis
989 945 1068 984 veri
1096 945 1190 995 quid
1218 946 1479 993 statuerimus,
1501 946 1549 985 de
1576 947 1762 986 universis

273 1011 425 1051 facilius
452 1010 572 1049 verba
600 1010 794 1048 faciemus.
814 1009 1114 1049 Discernendum
1142 1013 1272 1048 autem
1292 1010 1494 1059 diligenter
1513 1014 1571 1049 est
1597 1014 1760 1060 tempus,

276 1088 353 1126 quo
382 1074 609 1124 singillatim
638 1072 788 1112 Satirae
818 1086 987 1112 seorsum
1016 1074 1056 1112 in
1083 1073 1208 1113 lucem
1248 1074 1475 1123 prodierunt
1513 1077 1632 1124 atque
1661 1075 1763 1125 apud

274 1140 413 1188 vulgus
440 1139 701 1184 innotuerunt,
733 1137 782 1175 ab
813 1150 857 1176 eo
885 1141 1067 1187 tempore,
1099 1150 1174 1187 quo
1203 1138 1358 1176 eaedem
1386 1139 1425 1175 in
1450 1138 1616 1177 duorum
1643 1139 1762 1178 libro-

272 1216 359 1241 rum
387 1214 526 1252 corpus
555 1201 737 1240 collectae
766 1204 883 1250 atque
911 1201 1113 1251 evulgatae
1141 1203 1239 1239 sunt.
1269 1201 1325 1240 De
1354 1213 1430 1251 qua
1457 1214 1499 1240 re
1520 1202 1761 1241 accurat-issi-

269 1280 330 1306 me
359 1266 573 1316 disputavit
592 1265 828 1304 Kirchnerus
842 1267 886 1314 ³).
904 1265 1070 1304 Nostrae
1089 1266 1209 1314 igitur
1228 1265 1275 1304 de
1296 1264 1511 1305 Satirarum
1527 1270 1667 1313 aetate,
1686 1279 1763 1317 qua

272 1335 342 1370 aut
371 1330 545 1380 singulae
566 1333 636 1367 aut
655 1330 855 1367 universae
869 1329 967 1378 juris
986 1328 1132 1378 publici
1159 1329 1284 1367 factae
1300 1329 1387 1375 sint,
1410 1330 1596 1378 opinionis
1624 1330 1765 1380 qualis-

279 1407 430 1444 cunque
459 1406 595 1432 causas
624 1393 663 1430 in
691 1393 807 1431 certis
835 1394 1073 1442 argumentis
1100 1393 1355 1442 potissimum,
1378 1397 1417 1431 et
1445 1394 1477 1431 si
1504 1393 1600 1432 haec
1618 1406 1687 1433 nos
1702 1394 1766 1433 de-

277 1458 413 1497 ficiunt
441 1456 595 1495 demum
623 1457 663 1494 in
690 1468 797 1494 mera
823 1457 964 1495 mentis
993 1457 1207 1506 suspicione
1223 1460 1261 1494 et
1281 1457 1500 1506 conjectura
1526 1458 1671 1507 positas
1685 1469 1767 1496 esse

277 1522 470 1562 volumus.

382 1584 574 1623 Frankius
603 1584 743 1621 statuit
755 1585 788 1632 4)
831 1587 984 1632 praeter
1026 1583 1192 1632 primum
1234 1595 1444 1621 sermonem
1473 1596 1603 1623 omnes
1639 1584 1770 1623 eodem

275 1649 409 1689 ordine
437 1648 600 1699 scriptos
628 1659 720 1694 esse,
752 1659 827 1697 quo
855 1659 956 1686 nunc
996 1647 1187 1698 leguntur,
1226 1650 1265 1687 et
1303 1660 1413 1687 suam
1450 1648 1680 1688 sententiam
1707 1648 1766 1687 his

275 1713 515 1763 argumentis
542 1712 645 1750 tueri
673 1715 835 1750 conatus
863 1715 945 1749 est:

277 1779 330 1829 1.)
361 1777 568 1817 Horatium
597 1780 679 1815 tam
707 1788 832 1826 pauca
860 1778 1041 1826 poemata
1068 1776 1133 1815 vix
1160 1779 1305 1815 temere
1321 1778 1361 1815 et
1380 1776 1462 1815 sine
1490 1779 1595 1815 certa
1617 1777 1767 1816 ratione

327 1842 532 1891 digessisse
561 1840 666 1880 credi
693 1852 815 1890 posse.

271 1906 326 1956 2.)
355 1904 564 1944 Probabile
592 1903 674 1943 fieri
703 1907 772 1942 aut
800 1906 1070 1953 argumentum
1099 1916 1186 1943 eum
1215 1907 1285 1943 aut
1305 1904 1592 1954 compositionis
1615 1907 1767 1954 tempus

329 1970 554 2019 respexisse.

272 2034 327 2084 3.)
356 2032 585 2083 Argumenti
603 2032 792 2071 rationem
815 2031 991 2071 habitam
1011 2044 1101 2079 esse,
1128 2031 1318 2070 neminem
1342 2031 1469 2071 adhuc
1495 2032 1680 2079 docuisse,
1697 2043 1767 2070 nec

327 2097 420 2144 fore,
452 2097 519 2146 qui
548 2096 699 2135 doceat.

381 2225 400 2266 ¹)
423 2224 566 2257 Histoire
589 2224 629 2257 de
652 2224 685 2257 la
707 2225 758 2257 vie
782 2228 814 2257 et
837 2224 894 2257 des
916 2223 1045 2265 poesies
1069 2223 1099 2256 d'
1108 2223 1245 2256 Horace.
1271 2223 1305 2256 C.
1331 2223 1435 2256 cantu
1458 2223 1498 2255 de
1521 2223 1583 2256 hoc
1610 2223 1694 2256 libro
1718 2224 1765 2256 sic

270 2278 410 2320 judicat:
433 2278 508 2310 Non
531 2278 558 2310 si
580 2278 738 2319 potrebbe
761 2278 948 2310 desiderare
971 2278 1081 2310 lavoro
1104 2278 1162 2319 piu
1185 2277 1344 2318 completo
1358 2286 1375 2309 e
1390 2277 1447 2318 piu
1464 2277 1578 2309 noioso
1601 2277 1634 2309 di
1658 2277 1767 2318 quello

275 2331 308 2364 di
330 2331 557 2365 Walckenaer.
582 2331 678 2374 (Stor.
702 2331 790 2365 della
812 2332 934 2366 Letter.
957 2331 1076 2365 Latina
1097 2341 1127 2373 p.
1153 2331 1238 2373 208).

379 2386 575 2427 ²)Museum
608 2385 660 2418 fur
692 2385 883 2427 Philologie,
921 2386 1186 2427 herausgegeben
1217 2394 1280 2417 von
1317 2384 1454 2417 Welker
1486 2385 1553 2417 und
1575 2384 1711 2417 Ritschl.
1736 2386 1764 2415 4

272 2438 445 2479 Iahrgang,
469 2447 543 2480 pag.
569 2441 630 2471 114
654 2439 682 2471 ἅ
704 2441 777 2471 219.

380 2492 403 2533 ³)
428 2491 560 2533 Quaest.
582 2491 661 2525 Hor.
684 2500 758 2534 pag.
785 2494 834 2525 14.

379 2547 402 2587 ⁴)
425 2545 516 2578 Fast.
540 2545 654 2578 Horat.
678 2555 710 2588 p.
734 2547 785 2578 82.
