<?xml version="1.0" encoding="UTF-8"?>
<!DOCTYPE html PUBLIC "-//W3C//DTD XHTML 1.0 Transitional//EN"
    "http://www.w3.org/TR/xhtml1/DTD/xhtml1-transitional.dtd">
<html xmlns="http://www.w3.org/1999/xhtml" xml:lang="en" lang="en">
 <head>
  <title>
</title>
<meta http-equiv="Content-Type" content="text/html;charset=utf-8" />
  <meta name='ocr-system' content='tesseract 3.04.00' />
  <meta name='ocr-capabilities' content='ocr_page ocr_carea ocr_par ocr_line ocrx_word'/>
</head>
<body>
  <div class='ocr_page' id='page_1' title='image "4621489_0044.png"; bbox 0 0 2012 2917; ppageno 0'>
   <div class='ocr_carea' id='block_1_1' title="bbox 897 167 1107 206">
    <p class='ocr_par' dir='ltr' id='par_1_1' title="bbox 897 167 1107 206">
     <span class='ocr_line' id='line_1_1' title="bbox 897 167 1107 206; baseline -0.005 -10"><span class='ocrx_word' id='word_1_1' title='bbox 897 167 1107 206; x_wconf 69' lang='grc'>..38-</span> 
     </span>
    </p>
   </div>
   <div class='ocr_carea' id='block_1_2' title="bbox 259 281 1743 899">
    <p class='ocr_par' dir='ltr' id='par_1_2' title="bbox 259 281 1743 899">
     <span class='ocr_line' id='line_1_2' title="bbox 265 281 1740 337; baseline 0.001 -13"><span class='ocrx_word' id='word_1_2' title='bbox 265 295 361 334; x_wconf 71' lang='lat' dir='ltr'><strong>pere</strong></span> <span class='ocrx_word' id='word_1_3' title='bbox 385 281 634 332; x_wconf 62' lang='lat' dir='ltr'><strong>veru-satiris</strong></span> <span class='ocrx_word' id='word_1_4' title='bbox 659 286 747 334; x_wconf 87' lang='lat' dir='ltr'><strong>post</strong></span> <span class='ocrx_word' id='word_1_5' title='bbox 772 282 916 323; x_wconf 83' lang='lat' dir='ltr'><strong>librum</strong></span> <span class='ocrx_word' id='word_1_6' title='bbox 942 283 1109 334; x_wconf 81' lang='lat' dir='ltr'><strong>primum</strong></span> <span class='ocrx_word' id='word_1_7' title='bbox 1136 282 1310 325; x_wconf 69' lang='lat' dir='ltr'><strong>exaratis</strong></span> <span class='ocrx_word' id='word_1_8' title='bbox 1332 286 1374 324; x_wconf 87' lang='lat' dir='ltr'><strong>et</strong></span> <span class='ocrx_word' id='word_1_9' title='bbox 1398 284 1576 335; x_wconf 82' lang='lat' dir='ltr'><strong>inunum</strong></span> <span class='ocrx_word' id='word_1_10' title='bbox 1602 287 1740 337; x_wconf 74' lang='lat' dir='ltr'><strong>corpus</strong></span> 
     </span>
     <span class='ocr_line' id='line_1_3' title="bbox 259 341 1741 399; baseline 0.001 -13"><span class='ocrx_word' id='word_1_11' title='bbox 259 345 446 395; x_wconf 71' lang='lat' dir='ltr'><strong>collectis,</strong></span> <span class='ocrx_word' id='word_1_12' title='bbox 474 356 544 398; x_wconf 77' lang='lat' dir='ltr'><strong>pro</strong></span> <span class='ocrx_word' id='word_1_13' title='bbox 570 357 698 386; x_wconf 85' lang='lat' dir='ltr'><strong>rerum</strong></span> <span class='ocrx_word' id='word_1_14' title='bbox 712 341 928 386; x_wconf 80' lang='lat' dir='ltr'><strong>conditione</strong></span> <span class='ocrx_word' id='word_1_15' title='bbox 953 347 1147 385; x_wconf 79' lang='lat' dir='ltr'><strong>mutatum</strong></span> <span class='ocrx_word' id='word_1_16' title='bbox 1161 345 1326 386; x_wconf 74' lang='lat' dir='ltr'><strong>Ofellum</strong></span> <span class='ocrx_word' id='word_1_17' title='bbox 1344 346 1741 399; x_wconf 66' lang='lat' dir='ltr'><strong>adjunxi-epactam,</strong></span> 
     </span>
     <span class='ocr_line' id='line_1_4' title="bbox 268 408 1742 462; baseline 0.003 -13"><span class='ocrx_word' id='word_1_18' title='bbox 268 410 453 460; x_wconf 84' lang='lat' dir='ltr'><strong>qnoniam</strong></span> <span class='ocrx_word' id='word_1_19' title='bbox 479 410 626 450; x_wconf 76' lang='lat' dir='ltr'><strong>interea</strong></span> <span class='ocrx_word' id='word_1_20' title='bbox 665 408 914 450; x_wconf 81' lang='lat' dir='ltr'><strong>festivitatem</strong></span> <span class='ocrx_word' id='word_1_21' title='bbox 954 413 995 450; x_wconf 90' lang='lat' dir='ltr'><strong>et</strong></span> <span class='ocrx_word' id='word_1_22' title='bbox 1019 409 1188 461; x_wconf 84' lang='lat' dir='ltr'><strong>leporem</strong></span> <span class='ocrx_word' id='word_1_23' title='bbox 1224 410 1464 461; x_wconf 68' lang='lat' dir='ltr'><strong>cognovisset</strong></span> <span class='ocrx_word' id='word_1_24' title='bbox 1496 410 1742 462; x_wconf 56' lang='lat' dir='ltr'><strong>moenam,</strong></span> 
     </span>
     <span class='ocr_line' id='line_1_5' title="bbox 264 473 1743 527; baseline 0.003 -14"><span class='ocrx_word' id='word_1_25' title='bbox 264 474 333 524; x_wconf 85' lang='lat' dir='ltr'><strong>qui</strong></span> <span class='ocrx_word' id='word_1_26' title='bbox 360 477 515 514; x_wconf 84' lang='lat' dir='ltr'><strong>tantum</strong></span> <span class='ocrx_word' id='word_1_27' title='bbox 541 473 689 522; x_wconf 87' lang='lat' dir='ltr'><strong>aberat,</strong></span> <span class='ocrx_word' id='word_1_28' title='bbox 717 477 764 513; x_wconf 97' lang='grc' dir='ltr'><strong>ιιι</strong></span> <span class='ocrx_word' id='word_1_29' title='bbox 790 473 978 524; x_wconf 85' lang='lat' dir='ltr'><strong>ejusmodi</strong></span> <span class='ocrx_word' id='word_1_30' title='bbox 1004 485 1065 514; x_wconf 85' lang='lat' dir='ltr'><strong>res</strong></span> <span class='ocrx_word' id='word_1_31' title='bbox 1078 474 1120 513; x_wconf 93' lang='lat' dir='ltr'><strong>in</strong></span> <span class='ocrx_word' id='word_1_32' title='bbox 1144 473 1287 514; x_wconf 74' lang='lat' dir='ltr'><strong>malam</strong></span> <span class='ocrx_word' id='word_1_33' title='bbox 1300 478 1452 526; x_wconf 79' lang='lat' dir='ltr'><strong>partem</strong></span> <span class='ocrx_word' id='word_1_34' title='bbox 1468 473 1669 527; x_wconf 70' lang='lat' dir='ltr'><strong>acciperet,</strong></span> <span class='ocrx_word' id='word_1_35' title='bbox 1695 480 1743 517; x_wconf 71' lang='lat' dir='ltr'><strong>&#39;ut</strong></span> 
     </span>
     <span class='ocr_line' id='line_1_6' title="bbox 265 537 1742 591; baseline 0.002 -13"><span class='ocrx_word' id='word_1_36' title='bbox 265 538 329 579; x_wconf 80' lang='lat' dir='ltr'><strong>vel</strong></span> <span class='ocrx_word' id='word_1_37' title='bbox 355 539 439 590; x_wconf 87' lang='lat' dir='ltr'><strong>ipse</strong></span> <span class='ocrx_word' id='word_1_38' title='bbox 463 550 551 579; x_wconf 85' lang='lat' dir='ltr'><strong>eum</strong></span> <span class='ocrx_word' id='word_1_39' title='bbox 577 537 628 578; x_wconf 83' lang='lat' dir='ltr'><strong>ad</strong></span> <span class='ocrx_word' id='word_1_40' title='bbox 642 537 818 578; x_wconf 83' lang='lat' dir='ltr'><strong>Ofl&#39;ellnm</strong></span> <span class='ocrx_word' id='word_1_41' title='bbox 832 537 1020 579; x_wconf 86' lang='lat' dir='ltr'><strong>edendum</strong></span> <span class='ocrx_word' id='word_1_42' title='bbox 1046 537 1281 580; x_wconf 75' lang='lat' dir='ltr'><strong>hortaretur.</strong></span> <span class='ocrx_word' id='word_1_43' title='bbox 1309 537 1386 580; x_wconf 87' lang='lat' dir='ltr'><strong>Sed</strong></span> <span class='ocrx_word' id='word_1_44' title='bbox 1399 539 1603 591; x_wconf 81' lang='lat' dir='ltr'><strong>quominus</strong></span> <span class='ocrx_word' id='word_1_45' title='bbox 1629 539 1742 581; x_wconf 70' lang='lat' dir='ltr'><strong>Teuf-</strong></span> 
     </span>
     <span class='ocr_line' id='line_1_7' title="bbox 264 600 1741 656; baseline 0.001 -13"><span class='ocrx_word' id='word_1_46' title='bbox 264 602 333 643; x_wconf 75' lang='lat' dir='ltr'><strong>teli</strong></span> <span class='ocrx_word' id='word_1_47' title='bbox 358 606 566 654; x_wconf 75' lang='lat' dir='ltr'><strong>praecepta</strong></span> <span class='ocrx_word' id='word_1_48' title='bbox 591 600 841 651; x_wconf 75' lang='lat' dir='ltr'><strong>sartatecta,</strong></span> <span class='ocrx_word' id='word_1_49' title='bbox 869 606 916 643; x_wconf 91' lang='lat' dir='ltr'><strong>ut</strong></span> <span class='ocrx_word' id='word_1_50' title='bbox 941 603 1063 654; x_wconf 67' lang='lat' dir='ltr'><strong>aJunt,</strong></span> <span class='ocrx_word' id='word_1_51' title='bbox 1091 602 1315 652; x_wconf 81' lang='lat' dir='ltr'><strong>habeamus,</strong></span> <span class='ocrx_word' id='word_1_52' title='bbox 1353 615 1584 656; x_wconf 78' lang='lat' dir='ltr'><strong>magnopere</strong></span> <span class='ocrx_word' id='word_1_53' title='bbox 1617 616 1741 645; x_wconf 86' lang='lat' dir='ltr'><strong>annus</strong></span> 
     </span>
     <span class='ocr_line' id='line_1_8' title="bbox 262 665 1740 719; baseline 0.001 -13"><span class='ocrx_word' id='word_1_54' title='bbox 262 667 355 718; x_wconf 86' lang='lat' dir='ltr'><strong>ipse,</strong></span> <span class='ocrx_word' id='word_1_55' title='bbox 384 678 499 717; x_wconf 88' lang='lat' dir='ltr'><strong>quem</strong></span> <span class='ocrx_word' id='word_1_56' title='bbox 526 665 708 713; x_wconf 84' lang='lat' dir='ltr'><strong>definivit,</strong></span> <span class='ocrx_word' id='word_1_57' title='bbox 724 666 867 706; x_wconf 77' lang='lat' dir='ltr'><strong>obstat.</strong></span> <span class='ocrx_word' id='word_1_58' title='bbox 895 665 967 706; x_wconf 92' lang='lat'><strong>1110</strong></span> <span class='ocrx_word' id='word_1_59' title='bbox 980 670 1153 717; x_wconf 85' lang='lat' dir='ltr'><strong>tempore</strong></span> <span class='ocrx_word' id='word_1_60' title='bbox 1178 667 1290 715; x_wconf 86' lang='lat' dir='ltr'><strong>enim,</strong></span> <span class='ocrx_word' id='word_1_61' title='bbox 1306 667 1339 706; x_wconf 88' lang='lat' dir='ltr'><strong>si</strong></span> <span class='ocrx_word' id='word_1_62' title='bbox 1360 668 1521 707; x_wconf 85' lang='lat' dir='ltr'><strong>satiram</strong></span> <span class='ocrx_word' id='word_1_63' title='bbox 1543 668 1626 719; x_wconf 86' lang='lat' dir='ltr'><strong>jam</strong></span> <span class='ocrx_word' id='word_1_64' title='bbox 1652 680 1740 708; x_wconf 71' lang='lat' dir='ltr'><strong>exne</strong></span> 
     </span>
     <span class='ocr_line' id='line_1_9' title="bbox 262 729 1739 780; baseline 0.001 -10"><span class='ocrx_word' id='word_1_65' title='bbox 262 733 396 779; x_wconf 86' lang='lat' dir='ltr'><strong>rasset,</strong></span> <span class='ocrx_word' id='word_1_66' title='bbox 426 730 611 771; x_wconf 87' lang='lat' dir='ltr'><strong>Horatius</strong></span> <span class='ocrx_word' id='word_1_67' title='bbox 625 730 760 770; x_wconf 81' lang='lat' dir='ltr'><strong>statim</strong></span> <span class='ocrx_word' id='word_1_68' title='bbox 787 729 989 780; x_wconf 75' lang='lat' dir='ltr'><strong>emisisset,</strong></span> <span class='ocrx_word' id='word_1_69' title='bbox 1019 743 1107 771; x_wconf 90' lang='lat' dir='ltr'><strong>cum</strong></span> <span class='ocrx_word' id='word_1_70' title='bbox 1134 731 1170 771; x_wconf 90' lang='lat' dir='ltr'><strong>ei</strong></span> <span class='ocrx_word' id='word_1_71' title='bbox 1195 743 1272 771; x_wconf 88' lang='lat' dir='ltr'><strong>non</strong></span> <span class='ocrx_word' id='word_1_72' title='bbox 1299 734 1400 771; x_wconf 86' lang='lat' dir='ltr'><strong>esset</strong></span> <span class='ocrx_word' id='word_1_73' title='bbox 1439 730 1663 780; x_wconf 74' lang='lat' dir='ltr'><strong>verendum,</strong></span> <span class='ocrx_word' id='word_1_74' title='bbox 1690 744 1739 772; x_wconf 89' lang='lat' dir='ltr'><strong>ne</strong></span> 
     </span>
     <span class='ocr_line' id='line_1_10' title="bbox 262 787 1738 846; baseline 0.002 -13"><span class='ocrx_word' id='word_1_75' title='bbox 262 793 491 842; x_wconf 78' lang='lat' dir='ltr'><strong>Maecenati,</strong></span> <span class='ocrx_word' id='word_1_76' title='bbox 520 807 635 845; x_wconf 88' lang='lat' dir='ltr'><strong>quem</strong></span> <span class='ocrx_word' id='word_1_77' title='bbox 663 793 790 834; x_wconf 84' lang='lat' dir='ltr'><strong>adhuc</strong></span> <span class='ocrx_word' id='word_1_78' title='bbox 817 806 894 834; x_wconf 91' lang='lat' dir='ltr'><strong>non</strong></span> <span class='ocrx_word' id='word_1_79' title='bbox 929 794 1094 835; x_wconf 83' lang='lat' dir='ltr'><strong>haberet</strong></span> <span class='ocrx_word' id='word_1_80' title='bbox 1118 795 1297 843; x_wconf 72' lang='lat' dir='ltr'><strong>amicum,</strong></span> <span class='ocrx_word' id='word_1_81' title='bbox 1325 794 1452 835; x_wconf 88' lang='lat' dir='ltr'><strong>minus</strong></span> <span class='ocrx_word' id='word_1_82' title='bbox 1487 798 1600 846; x_wconf 86' lang='lat' dir='ltr'><strong>grata</strong></span> <span class='ocrx_word' id='word_1_83' title='bbox 1626 787 1738 836; x_wconf 76' lang='lat' dir='ltr'><strong>esset.</strong></span> 
     </span>
     <span class='ocr_line' id='line_1_11' title="bbox 261 842 1741 899; baseline 0.001 -2"><span class='ocrx_word' id='word_1_84' title='bbox 261 858 360 897; x_wconf 90' lang='lat' dir='ltr'><strong>Nam</strong></span> <span class='ocrx_word' id='word_1_85' title='bbox 387 858 489 897; x_wconf 88' lang='lat' dir='ltr'><strong>circa</strong></span> <span class='ocrx_word' id='word_1_86' title='bbox 518 857 633 898; x_wconf 88' lang='lat' dir='ltr'><strong>finem</strong></span> <span class='ocrx_word' id='word_1_87' title='bbox 674 870 709 897; x_wconf 92' lang='lat' dir='ltr'><strong>a.</strong></span> <span class='ocrx_word' id='word_1_88' title='bbox 751 859 839 898; x_wconf 94' lang='lat'><strong>716.</strong></span> <span class='ocrx_word' id='word_1_89' title='bbox 868 862 949 898; x_wconf 86' lang='lat' dir='ltr'><strong>aut.</strong></span> <span class='ocrx_word' id='word_1_90' title='bbox 991 859 1080 897; x_wconf 91' lang='lat'><strong>717.</strong></span> <span class='ocrx_word' id='word_1_91' title='bbox 1122 858 1276 898; x_wconf 88' lang='lat' dir='ltr'><strong>initium</strong></span> <span class='ocrx_word' id='word_1_92' title='bbox 1315 842 1600 899; x_wconf 69' lang='lat' dir='ltr'><strong>consuetudinis</strong></span> <span class='ocrx_word' id='word_1_93' title='bbox 1639 859 1741 898; x_wconf 89' lang='lat' dir='ltr'><strong>inter</strong></span> 
     </span>
    </p>
   </div>
   <div class='ocr_carea' id='block_1_3' title="bbox 254 921 1738 1359">
    <p class='ocr_par' dir='ltr' id='par_1_3' title="bbox 254 921 1738 1359">
     <span class='ocr_line' id='line_1_12' title="bbox 260 921 1738 972; baseline 0.001 -12"><span class='ocrx_word' id='word_1_94' title='bbox 260 924 469 972; x_wconf 89' lang='lat' dir='ltr'><strong>utrumque</strong></span> <span class='ocrx_word' id='word_1_95' title='bbox 495 921 641 961; x_wconf 85' lang='lat' dir='ltr'><strong>factum</strong></span> <span class='ocrx_word' id='word_1_96' title='bbox 668 921 879 961; x_wconf 88' lang='lat' dir='ltr'><strong>certissime</strong></span> <span class='ocrx_word' id='word_1_97' title='bbox 906 924 1068 961; x_wconf 84' lang='lat' dir='ltr'><strong>constat.</strong></span> <span class='ocrx_word' id='word_1_98' title='bbox 1097 921 1173 961; x_wconf 87' lang='lat' dir='ltr'><strong>Sed</strong></span> <span class='ocrx_word' id='word_1_99' title='bbox 1213 925 1259 961; x_wconf 90' lang='lat' dir='ltr'><strong>ut</strong></span> <span class='ocrx_word' id='word_1_100' title='bbox 1302 921 1489 962; x_wconf 88' lang='lat' dir='ltr'><strong>Horatius</strong></span> <span class='ocrx_word' id='word_1_101' title='bbox 1532 921 1738 961; x_wconf 82' lang='lat' dir='ltr'><strong>“futuram</strong></span> 
     </span>
     <span class='ocr_line' id='line_1_13' title="bbox 259 984 1738 1037; baseline 0.001 -13"><span class='ocrx_word' id='word_1_102' title='bbox 259 984 468 1024; x_wconf 77' lang='lat' dir='ltr'><strong>amicitiam</strong></span> <span class='ocrx_word' id='word_1_103' title='bbox 481 1015 498 1034; x_wconf 92' lang='lat'>„</span> <span class='ocrx_word' id='word_1_104' title='bbox 520 986 741 1037; x_wconf 77' lang='lat' dir='ltr'><strong>respexerit,</strong></span> <span class='ocrx_word' id='word_1_105' title='bbox 770 998 840 1025; x_wconf 89' lang='lat' dir='ltr'><strong>cur</strong></span> <span class='ocrx_word' id='word_1_106' title='bbox 866 999 1017 1026; x_wconf 86' lang='lat' dir='ltr'><strong>versum</strong></span> <span class='ocrx_word' id='word_1_107' title='bbox 1045 986 1108 1025; x_wconf 82' lang='lat'><strong>25.</strong></span> <span class='ocrx_word' id='word_1_108' title='bbox 1130 989 1202 1025; x_wconf 87' lang='lat' dir='ltr'><strong>sat.</strong></span> <span class='ocrx_word' id='word_1_109' title='bbox 1223 986 1272 1025; x_wconf 89' lang='grc' dir='ltr'><strong>Π.</strong></span> <span class='ocrx_word' id='word_1_110' title='bbox 1293 985 1381 1025; x_wconf 88' lang='lat' dir='ltr'><strong>libr.</strong></span> <span class='ocrx_word' id='word_1_111' title='bbox 1410 985 1441 1025; x_wconf 89' lang='lat'><strong>1.</strong></span> <span class='ocrx_word' id='word_1_112' title='bbox 1498 985 1738 1026; x_wconf 82' lang='lat' dir='ltr'><strong>“Malchinus</strong></span> 
     </span>
     <span class='ocr_line' id='line_1_14' title="bbox 258 1049 1737 1101; baseline -0.001 -12"><span class='ocrx_word' id='word_1_113' title='bbox 258 1050 399 1089; x_wconf 83' lang='lat' dir='ltr'><strong>tunicis</strong></span> <span class='ocrx_word' id='word_1_114' title='bbox 435 1049 610 1090; x_wconf 88' lang='lat' dir='ltr'><strong>demissis</strong></span> <span class='ocrx_word' id='word_1_115' title='bbox 636 1050 816 1090; x_wconf 82' lang='lat' dir='ltr'><strong>ambulat</strong></span> <span class='ocrx_word' id='word_1_116' title='bbox 837 1080 855 1099; x_wconf 89' lang='lat'><strong>,‚</strong></span> <span class='ocrx_word' id='word_1_117' title='bbox 883 1051 1060 1099; x_wconf 74' lang='lat' dir='ltr'><strong>servavit,</strong></span> <span class='ocrx_word' id='word_1_118' title='bbox 1089 1062 1177 1090; x_wconf 86' lang='lat' dir='ltr'><strong>cum</strong></span> <span class='ocrx_word' id='word_1_119' title='bbox 1204 1050 1334 1090; x_wconf 85' lang='lat' dir='ltr'><strong>ederet</strong></span> <span class='ocrx_word' id='word_1_120' title='bbox 1358 1049 1533 1090; x_wconf 83' lang='lat' dir='ltr'><strong>librum?</strong></span> <span class='ocrx_word' id='word_1_121' title='bbox 1564 1049 1737 1101; x_wconf 80' lang='lat' dir='ltr'><strong>Apparet</strong></span> 
     </span>
     <span class='ocr_line' id='line_1_15' title="bbox 259 1113 1736 1166; baseline -0.001 -12"><span class='ocrx_word' id='word_1_122' title='bbox 259 1114 466 1154; x_wconf 76' lang='lat' dir='ltr'><strong>Horatium</strong></span> <span class='ocrx_word' id='word_1_123' title='bbox 514 1127 758 1166; x_wconf 81' lang='lat' dir='ltr'><strong>nequaquam</strong></span> <span class='ocrx_word' id='word_1_124' title='bbox 798 1114 1017 1155; x_wconf 81' lang='lat' dir='ltr'><strong>constantia</strong></span> <span class='ocrx_word' id='word_1_125' title='bbox 1055 1114 1173 1155; x_wconf 81' lang='lat' dir='ltr'><strong>fuisse</strong></span> <span class='ocrx_word' id='word_1_126' title='bbox 1199 1127 1371 1163; x_wconf 89' lang='lat' dir='ltr'><strong>usurum,</strong></span> <span class='ocrx_word' id='word_1_127' title='bbox 1409 1114 1443 1154; x_wconf 92' lang='lat' dir='ltr'><strong>si</strong></span> <span class='ocrx_word' id='word_1_128' title='bbox 1477 1114 1638 1154; x_wconf 78' lang='lat' dir='ltr'><strong>satiram</strong></span> <span class='ocrx_word' id='word_1_129' title='bbox 1680 1113 1736 1154; x_wconf 86' lang='lat' dir='ltr'><strong>al-</strong></span> 
     </span>
     <span class='ocr_line' id='line_1_16' title="bbox 256 1179 1736 1230; baseline 0 -12"><span class='ocrx_word' id='word_1_130' title='bbox 256 1182 381 1219; x_wconf 81' lang='lat' dir='ltr'><strong>teram</strong></span> <span class='ocrx_word' id='word_1_131' title='bbox 408 1180 655 1230; x_wconf 76' lang='lat' dir='ltr'><strong>repressisset</strong></span> <span class='ocrx_word' id='word_1_132' title='bbox 681 1183 722 1220; x_wconf 92' lang='lat' dir='ltr'><strong>et</strong></span> <span class='ocrx_word' id='word_1_133' title='bbox 760 1180 971 1230; x_wconf 88' lang='lat' dir='ltr'><strong>posteriore</strong></span> <span class='ocrx_word' id='word_1_134' title='bbox 997 1183 1171 1230; x_wconf 74' lang='lat' dir='ltr'><strong>tempore</strong></span> <span class='ocrx_word' id='word_1_135' title='bbox 1209 1183 1409 1227; x_wconf 77' lang='lat' dir='ltr'><strong>mutasset,</strong></span> <span class='ocrx_word' id='word_1_136' title='bbox 1447 1179 1612 1219; x_wconf 86' lang='lat' dir='ltr'><strong>alteram</strong></span> <span class='ocrx_word' id='word_1_137' title='bbox 1647 1192 1736 1219; x_wconf 83' lang='lat' dir='ltr'><strong>vero</strong></span> 
     </span>
     <span class='ocr_line' id='line_1_17' title="bbox 255 1242 1736 1289; baseline -0.001 -6"><span class='ocrx_word' id='word_1_138' title='bbox 255 1242 446 1283; x_wconf 79' lang='lat' dir='ltr'><strong>emisisset</strong></span> <span class='ocrx_word' id='word_1_139' title='bbox 472 1243 729 1284; x_wconf 87' lang='lat' dir='ltr'><strong>immutatam.</strong></span> <span class='ocrx_word' id='word_1_140' title='bbox 758 1242 954 1283; x_wconf 87' lang='lat' dir='ltr'><strong>Obbarius</strong></span> <span class='ocrx_word' id='word_1_141' title='bbox 967 1246 1009 1284; x_wconf 89' lang='lat' dir='ltr'><strong>et</strong></span> <span class='ocrx_word' id='word_1_142' title='bbox 1033 1243 1260 1289; x_wconf 76' lang='lat' dir='ltr'><strong>Jahnius¹)&#39;</strong></span> <span class='ocrx_word' id='word_1_143' title='bbox 1248 1256 1290 1283; x_wconf 87' lang='lat' dir='ltr'><strong>m</strong></span> <span class='ocrx_word' id='word_1_144' title='bbox 1316 1255 1402 1283; x_wconf 85' lang='lat' dir='ltr'><strong>eam</strong></span> <span class='ocrx_word' id='word_1_145' title='bbox 1420 1243 1652 1283; x_wconf 86' lang='lat' dir='ltr'><strong>sententiam</strong></span> <span class='ocrx_word' id='word_1_146' title='bbox 1678 1242 1736 1282; x_wconf 83' lang='lat' dir='ltr'><strong>‹li-</strong></span> 
     </span>
     <span class='ocr_line' id='line_1_18' title="bbox 254 1307 927 1359; baseline -0.002 -11"><span class='ocrx_word' id='word_1_147' title='bbox 254 1310 472 1359; x_wconf 79' lang='lat' dir='ltr'><strong>sputarunt,</strong></span> <span class='ocrx_word' id='word_1_148' title='bbox 501 1311 549 1348; x_wconf 90' lang='lat' dir='ltr'><strong>ut</strong></span> <span class='ocrx_word' id='word_1_149' title='bbox 573 1307 624 1349; x_wconf 90' lang='lat' dir='ltr'><strong>ob</strong></span> <span class='ocrx_word' id='word_1_150' title='bbox 651 1320 803 1348; x_wconf 84' lang='lat' dir='ltr'><strong>versum</strong></span> <span class='ocrx_word' id='word_1_151' title='bbox 834 1308 927 1347; x_wconf 83' lang='lat'><strong>103:</strong></span> 
     </span>
    </p>
   </div>
   <div class='ocr_carea' id='block_1_4' title="bbox 511 1447 1350 1551">
    <p class='ocr_par' dir='ltr' id='par_1_4' title="bbox 511 1447 1350 1551">
     <span class='ocr_line' id='line_1_19' title="bbox 511 1447 1350 1551; baseline 0.001 -12"><span class='ocrx_word' id='word_1_152' title='bbox 511 1464 520 1474; x_wconf 84' lang='lat'><strong><em>&#39;</em></strong></span> <span class='ocrx_word' id='word_1_153' title='bbox 578 1464 586 1474; x_wconf 84' lang='grc'>’</span> <span class='ocrx_word' id='word_1_154' title='bbox 643 1447 1166 1551; x_wconf 51' lang='lat' dir='ltr'><strong>‘rkmffi&#39;fflfflfuqm</strong></span> <span class='ocrx_word' id='word_1_155' title='bbox 1193 1499 1350 1540; x_wconf 61' lang='lat' dir='ltr'><strong>Dm?</strong></span> 
     </span>
    </p>
   </div>
   <div class='ocr_carea' id='block_1_5' title="bbox 243 1628 1729 2382">
    <p class='ocr_par' dir='ltr' id='par_1_5' title="bbox 245 1628 1729 2189">
     <span class='ocr_line' id='line_1_20' title="bbox 250 1628 1729 1679; baseline 0 -11"><span class='ocrx_word' id='word_1_156' title='bbox 250 1629 436 1679; x_wconf 86' lang='lat' dir='ltr'><strong>scriptam</strong></span> <span class='ocrx_word' id='word_1_157' title='bbox 462 1642 546 1669; x_wconf 87' lang='lat' dir='ltr'><strong>esse</strong></span> <span class='ocrx_word' id='word_1_158' title='bbox 571 1629 753 1677; x_wconf 85' lang='lat' dir='ltr'><strong>dicerent,</strong></span> <span class='ocrx_word' id='word_1_159' title='bbox 781 1629 893 1679; x_wconf 87' lang='lat' dir='ltr'><strong>quasi</strong></span> <span class='ocrx_word' id='word_1_160' title='bbox 920 1628 1106 1670; x_wconf 84' lang='lat' dir='ltr'><strong>Horatius</strong></span> <span class='ocrx_word' id='word_1_161' title='bbox 1147 1628 1401 1668; x_wconf 82' lang='lat' dir='ltr'><strong>Octavianum</strong></span> <span class='ocrx_word' id='word_1_162' title='bbox 1427 1628 1478 1668; x_wconf 83' lang='lat' dir='ltr'><strong>ad</strong></span> <span class='ocrx_word' id='word_1_163' title='bbox 1501 1628 1646 1679; x_wconf 87' lang='lat' dir='ltr'><strong>templa</strong></span> <span class='ocrx_word' id='word_1_164' title='bbox 1671 1641 1729 1668; x_wconf 87' lang='lat' dir='ltr'><strong>re-</strong></span> 
     </span>
     <span class='ocr_line' id='line_1_21' title="bbox 250 1691 1726 1744; baseline -0.001 -12"><span class='ocrx_word' id='word_1_165' title='bbox 250 1691 412 1733; x_wconf 87' lang='lat' dir='ltr'><strong>ficienda</strong></span> <span class='ocrx_word' id='word_1_166' title='bbox 437 1691 587 1733; x_wconf 88' lang='lat' dir='ltr'><strong>hortari</strong></span> <span class='ocrx_word' id='word_1_167' title='bbox 612 1692 808 1737; x_wconf 84' lang='lat' dir='ltr'><strong>voluisset.</strong></span> <span class='ocrx_word' id='word_1_168' title='bbox 838 1691 1044 1732; x_wconf 87' lang='lat' dir='ltr'><strong>Suetonius</strong></span> <span class='ocrx_word' id='word_1_169' title='bbox 1083 1692 1238 1744; x_wconf 85' lang='lat' dir='ltr'><strong>quidem</strong></span> <span class='ocrx_word' id='word_1_170' title='bbox 1278 1691 1530 1732; x_wconf 80' lang='lat' dir='ltr'><strong>Octavianum</strong></span> <span class='ocrx_word' id='word_1_171' title='bbox 1570 1703 1607 1731; x_wconf 88' lang='lat' dir='ltr'><strong>a.</strong></span> <span class='ocrx_word' id='word_1_172' title='bbox 1636 1692 1726 1732; x_wconf 82' lang='lat'><strong>726.</strong></span> 
     </span>
     <span class='ocr_line' id='line_1_22' title="bbox 250 1756 1729 1806; baseline 0 -10"><span class='ocrx_word' id='word_1_173' title='bbox 250 1757 366 1796; x_wconf 87' lang='lat' dir='ltr'><strong>aedes</strong></span> <span class='ocrx_word' id='word_1_174' title='bbox 392 1769 523 1796; x_wconf 84' lang='lat' dir='ltr'><strong>sacras</strong></span> <span class='ocrx_word' id='word_1_175' title='bbox 549 1760 742 1796; x_wconf 85' lang='lat' dir='ltr'><strong>vetustate</strong></span> <span class='ocrx_word' id='word_1_176' title='bbox 770 1757 960 1806; x_wconf 86' lang='lat' dir='ltr'><strong>collapsas</strong></span> <span class='ocrx_word' id='word_1_177' title='bbox 986 1760 1057 1796; x_wconf 87' lang='lat' dir='ltr'><strong>aut</strong></span> <span class='ocrx_word' id='word_1_178' title='bbox 1087 1757 1261 1796; x_wconf 86' lang='lat' dir='ltr'><strong>incendio</strong></span> <span class='ocrx_word' id='word_1_179' title='bbox 1292 1756 1519 1806; x_wconf 88' lang='lat' dir='ltr'><strong>absumptas</strong></span> <span class='ocrx_word' id='word_1_180' title='bbox 1554 1756 1729 1796; x_wconf 85' lang='lat' dir='ltr'><strong>refecisse</strong></span> 
     </span>
     <span class='ocr_line' id='line_1_23' title="bbox 249 1815 1728 1870; baseline -0.001 -10"><span class='ocrx_word' id='word_1_181' title='bbox 249 1822 394 1860; x_wconf 78' lang='lat' dir='ltr'><strong>narrat.</strong></span> <span class='ocrx_word' id='word_1_182' title='bbox 423 1818 499 1860; x_wconf 86' lang='lat' dir='ltr'><strong>Sed</strong></span> <span class='ocrx_word' id='word_1_183' title='bbox 517 1819 686 1860; x_wconf 84' lang='lat' dir='ltr'><strong>Satiram</strong></span> <span class='ocrx_word' id='word_1_184' title='bbox 712 1819 763 1859; x_wconf 84' lang='lat' dir='ltr'><strong>ad</strong></span> <span class='ocrx_word' id='word_1_185' title='bbox 790 1815 991 1860; x_wconf 86' lang='lat' dir='ltr'><strong>consilium</strong></span> <span class='ocrx_word' id='word_1_186' title='bbox 1032 1818 1233 1859; x_wconf 87' lang='lat' dir='ltr'><strong>Octaviani</strong></span> <span class='ocrx_word' id='word_1_187' title='bbox 1272 1819 1417 1870; x_wconf 86' lang='lat' dir='ltr'><strong>templa</strong></span> <span class='ocrx_word' id='word_1_188' title='bbox 1443 1818 1636 1859; x_wconf 90' lang='lat' dir='ltr'><strong>reficiendi</strong></span> <span class='ocrx_word' id='word_1_189' title='bbox 1667 1832 1728 1859; x_wconf 90' lang='lat' dir='ltr'><strong>re-</strong></span> 
     </span>
     <span class='ocr_line' id='line_1_24' title="bbox 249 1883 1727 1935; baseline -0.001 -11"><span class='ocrx_word' id='word_1_190' title='bbox 249 1883 443 1924; x_wconf 78' lang='lat' dir='ltr'><strong>ferendam</strong></span> <span class='ocrx_word' id='word_1_191' title='bbox 470 1898 563 1932; x_wconf 90' lang='lat' dir='ltr'><strong>esse,</strong></span> <span class='ocrx_word' id='word_1_192' title='bbox 592 1885 680 1935; x_wconf 89' lang='lat' dir='ltr'><strong>quis</strong></span> <span class='ocrx_word' id='word_1_193' title='bbox 694 1888 799 1924; x_wconf 87' lang='lat' dir='ltr'><strong>certo</strong></span> <span class='ocrx_word' id='word_1_194' title='bbox 819 1884 947 1924; x_wconf 88' lang='lat' dir='ltr'><strong>dicere</strong></span> <span class='ocrx_word' id='word_1_195' title='bbox 964 1883 1152 1924; x_wconf 81' lang='lat' dir='ltr'><strong>audebit?</strong></span> <span class='ocrx_word' id='word_1_196' title='bbox 1178 1884 1476 1924; x_wconf 84' lang='lat' dir='ltr'><strong>Walckenaerus</strong></span> <span class='ocrx_word' id='word_1_197' title='bbox 1497 1886 1529 1935; x_wconf 74' lang='lat'><strong>⁹)</strong></span> <span class='ocrx_word' id='word_1_198' title='bbox 1558 1883 1727 1923; x_wconf 86' lang='lat' dir='ltr'><strong>Satiram</strong></span> 
     </span>
     <span class='ocr_line' id='line_1_25' title="bbox 248 1947 1723 1996; baseline 0 -10"><span class='ocrx_word' id='word_1_199' title='bbox 248 1948 288 1986; x_wconf 91' lang='lat' dir='ltr'><strong>in</strong></span> <span class='ocrx_word' id='word_1_200' title='bbox 314 1960 457 1988; x_wconf 84' lang='lat' dir='ltr'><strong>annum</strong></span> <span class='ocrx_word' id='word_1_201' title='bbox 486 1948 575 1988; x_wconf 90' lang='lat'><strong>718.</strong></span> <span class='ocrx_word' id='word_1_202' title='bbox 603 1948 777 1996; x_wconf 88' lang='lat' dir='ltr'><strong>contulit,</strong></span> <span class='ocrx_word' id='word_1_203' title='bbox 807 1948 955 1987; x_wconf 88' lang='lat' dir='ltr'><strong>dicens:</strong></span> <span class='ocrx_word' id='word_1_204' title='bbox 993 1948 1051 1986; x_wconf 83' lang='lat' dir='ltr'><strong>La</strong></span> <span class='ocrx_word' id='word_1_205' title='bbox 1087 1947 1285 1987; x_wconf 72' lang='lat' dir='ltr'><strong>deuxieme</strong></span> <span class='ocrx_word' id='word_1_206' title='bbox 1313 1948 1430 1987; x_wconf 83' lang='lat' dir='ltr'><strong>satire</strong></span> <span class='ocrx_word' id='word_1_207' title='bbox 1456 1947 1509 1987; x_wconf 90' lang='lat' dir='ltr'><strong>du</strong></span> <span class='ocrx_word' id='word_1_208' title='bbox 1548 1947 1647 1987; x_wconf 85' lang='lat' dir='ltr'><strong>libre</strong></span> <span class='ocrx_word' id='word_1_209' title='bbox 1673 1948 1723 1986; x_wconf 89' lang='lat' dir='ltr'><strong>IL</strong></span> 
     </span>
     <span class='ocr_line' id='line_1_26' title="bbox 245 2012 1726 2064; baseline -0.001 -11"><span class='ocrx_word' id='word_1_210' title='bbox 245 2016 306 2053; x_wconf 88' lang='lat' dir='ltr'><strong>est</strong></span> <span class='ocrx_word' id='word_1_211' title='bbox 331 2014 604 2054; x_wconf 85' lang='lat' dir='ltr'><strong>certainement</strong></span> <span class='ocrx_word' id='word_1_212' title='bbox 630 2026 705 2053; x_wconf 90' lang='lat' dir='ltr'><strong>une</strong></span> <span class='ocrx_word' id='word_1_213' title='bbox 730 2013 799 2053; x_wconf 88' lang='lat' dir='ltr'><strong>des</strong></span> <span class='ocrx_word' id='word_1_214' title='bbox 824 2013 1022 2064; x_wconf 76' lang='lat' dir='ltr'><strong>primieres</strong></span> <span class='ocrx_word' id='word_1_215' title='bbox 1040 2013 1104 2064; x_wconf 89' lang='lat' dir='ltr'><strong>qu’</strong></span> <span class='ocrx_word' id='word_1_216' title='bbox 1132 2013 1282 2054; x_wconf 84' lang='lat' dir='ltr'><strong>Horace</strong></span> <span class='ocrx_word' id='word_1_217' title='bbox 1321 2013 1378 2053; x_wconf 86' lang='lat' dir='ltr'><strong>ait</strong></span> <span class='ocrx_word' id='word_1_218' title='bbox 1404 2012 1554 2061; x_wconf 75' lang='lat' dir='ltr'><strong>ecrites,</strong></span> <span class='ocrx_word' id='word_1_219' title='bbox 1583 2012 1623 2052; x_wconf 84' lang='lat' dir='ltr'><strong>la</strong></span> <span class='ocrx_word' id='word_1_220' title='bbox 1648 2012 1726 2063; x_wconf 86' lang='lat' dir='ltr'><strong>pri-</strong></span> 
     </span>
     <span class='ocr_line' id='line_1_27' title="bbox 246 2075 1726 2125; baseline 0.001 -12"><span class='ocrx_word' id='word_1_221' title='bbox 246 2075 362 2114; x_wconf 76' lang='lat' dir='ltr'><strong>miere</strong></span> <span class='ocrx_word' id='word_1_222' title='bbox 387 2075 582 2125; x_wconf 59' lang='lat' dir='ltr'><strong>peut-§tre</strong></span> <span class='ocrx_word' id='word_1_223' title='bbox 608 2078 659 2117; x_wconf 86' lang='grc' dir='ltr'>οἰι</span> <span class='ocrx_word' id='word_1_224' title='bbox 685 2078 714 2116; x_wconf 90' lang='lat' dir='ltr'><strong>il</strong></span> <span class='ocrx_word' id='word_1_225' title='bbox 741 2078 798 2116; x_wconf 84' lang='lat' dir='ltr'><strong>ait</strong></span> <span class='ocrx_word' id='word_1_226' title='bbox 824 2078 949 2117; x_wconf 72' lang='lat' dir='ltr'><strong>donne</strong></span> <span class='ocrx_word' id='word_1_227' title='bbox 975 2078 1016 2116; x_wconf 84' lang='lat' dir='ltr'><strong>la</strong></span> <span class='ocrx_word' id='word_1_228' title='bbox 1038 2090 1189 2116; x_wconf 90' lang='lat' dir='ltr'><strong>mesure</strong></span> <span class='ocrx_word' id='word_1_229' title='bbox 1217 2077 1267 2116; x_wconf 88' lang='lat' dir='ltr'><strong>de</strong></span> <span class='ocrx_word' id='word_1_230' title='bbox 1306 2090 1375 2117; x_wconf 88' lang='lat' dir='ltr'><strong>son</strong></span> <span class='ocrx_word' id='word_1_231' title='bbox 1414 2077 1540 2116; x_wconf 85' lang='lat' dir='ltr'><strong>talent</strong></span> <span class='ocrx_word' id='word_1_232' title='bbox 1579 2089 1726 2116; x_wconf 87' lang='lat' dir='ltr'><strong>comme</strong></span> 
     </span>
     <span class='ocr_line' id='line_1_28' title="bbox 246 2140 593 2189; baseline 0.006 -11"><span class='ocrx_word' id='word_1_233' title='bbox 246 2141 358 2189; x_wconf 68' lang='lat' dir='ltr'><strong>poete</strong></span> <span class='ocrx_word' id='word_1_234' title='bbox 384 2140 593 2180; x_wconf 85' lang='lat' dir='ltr'><strong>moraliste.</strong></span> 
     </span>
    </p>

    <p class='ocr_par' dir='ltr' id='par_1_6' title="bbox 243 2203 1724 2374">
     <span class='ocr_line' id='line_1_29' title="bbox 350 2203 1724 2255; baseline 0.001 -12"><span class='ocrx_word' id='word_1_235' title='bbox 350 2203 568 2244; x_wconf 81' lang='lat' dir='ltr'><strong>Dfintzerus</strong></span> <span class='ocrx_word' id='word_1_236' title='bbox 591 2206 639 2255; x_wconf 82' lang='lat'><strong>⁸)</strong></span> <span class='ocrx_word' id='word_1_237' title='bbox 661 2204 866 2245; x_wconf 90' lang='lat' dir='ltr'><strong>Horatium</strong></span> <span class='ocrx_word' id='word_1_238' title='bbox 897 2205 973 2245; x_wconf 85' lang='lat' dir='ltr'><strong>hac</strong></span> <span class='ocrx_word' id='word_1_239' title='bbox 1006 2206 1129 2245; x_wconf 88' lang='lat' dir='ltr'><strong>satira</strong></span> <span class='ocrx_word' id='word_1_240' title='bbox 1163 2207 1453 2245; x_wconf 86' lang='lat' dir='ltr'><strong>monumentum</strong></span> <span class='ocrx_word' id='word_1_241' title='bbox 1492 2215 1632 2254; x_wconf 87' lang='lat' dir='ltr'><strong>ponere</strong></span> <span class='ocrx_word' id='word_1_242' title='bbox 1659 2218 1724 2245; x_wconf 85' lang='lat' dir='ltr'><strong>vo-</strong></span> 
     </span>
     <span class='ocr_line' id='line_1_30' title="bbox 245 2265 1723 2321; baseline 0.003 -17"><span class='ocrx_word' id='word_1_243' title='bbox 245 2265 363 2306; x_wconf 88' lang='lat' dir='ltr'><strong>luisse</strong></span> <span class='ocrx_word' id='word_1_244' title='bbox 388 2271 503 2318; x_wconf 85' lang='lat' dir='ltr'><strong>putat</strong></span> <span class='ocrx_word' id='word_1_245' title='bbox 529 2269 611 2309; x_wconf 86' lang='lat' dir='ltr'><strong>viro</strong></span> <span class='ocrx_word' id='word_1_246' title='bbox 637 2268 799 2309; x_wconf 90' lang='lat' dir='ltr'><strong>honesto</strong></span> <span class='ocrx_word' id='word_1_247' title='bbox 825 2273 866 2309; x_wconf 87' lang='lat' dir='ltr'><strong>et</strong></span> <span class='ocrx_word' id='word_1_248' title='bbox 879 2270 990 2320; x_wconf 86' lang='lat' dir='ltr'><strong>frugi,</strong></span> <span class='ocrx_word' id='word_1_249' title='bbox 1005 2270 1072 2320; x_wconf 88' lang='lat' dir='ltr'><strong>qui</strong></span> <span class='ocrx_word' id='word_1_250' title='bbox 1086 2282 1209 2321; x_wconf 90' lang='lat' dir='ltr'><strong>nuper</strong></span> <span class='ocrx_word' id='word_1_251' title='bbox 1227 2269 1388 2316; x_wconf 84' lang='lat' dir='ltr'><strong>obierat,</strong></span> <span class='ocrx_word' id='word_1_252' title='bbox 1414 2280 1576 2319; x_wconf 87' lang='lat' dir='ltr'><strong>eamque</strong></span> <span class='ocrx_word' id='word_1_253' title='bbox 1588 2281 1628 2308; x_wconf 86' lang='lat' dir='ltr'><strong>m</strong></span> <span class='ocrx_word' id='word_1_254' title='bbox 1656 2281 1723 2309; x_wconf 83' lang='lat' dir='ltr'><strong>an-</strong></span> 
     </span>
     <span class='ocr_line' id='line_1_31' title="bbox 243 2331 1723 2382; baseline 0.003 -13"><span class='ocrx_word' id='word_1_255' title='bbox 243 2341 336 2370; x_wconf 90' lang='lat' dir='ltr'><strong>num</strong></span> <span class='ocrx_word' id='word_1_256' title='bbox 351 2331 440 2371; x_wconf 85' lang='lat'><strong>720.</strong></span> <span class='ocrx_word' id='word_1_257' title='bbox 468 2332 596 2373; x_wconf 87' lang='lat' dir='ltr'><strong>refert</strong></span> <span class='ocrx_word' id='word_1_258' title='bbox 613 2333 815 2374; x_wconf 88' lang='lat' dir='ltr'><strong>Kirchneri</strong></span> <span class='ocrx_word' id='word_1_259' title='bbox 828 2335 1059 2374; x_wconf 88' lang='lat' dir='ltr'><strong>sententiam</strong></span> <span class='ocrx_word' id='word_1_260' title='bbox 1073 2337 1204 2374; x_wconf 85' lang='lat' dir='ltr'><strong>autem</strong></span> <span class='ocrx_word' id='word_1_261' title='bbox 1218 2334 1276 2373; x_wconf 90' lang='lat' dir='ltr'><strong>ita</strong></span> <span class='ocrx_word' id='word_1_262' title='bbox 1288 2332 1462 2374; x_wconf 88' lang='lat' dir='ltr'><strong>refellere</strong></span> <span class='ocrx_word' id='word_1_263' title='bbox 1485 2336 1657 2382; x_wconf 84' lang='lat' dir='ltr'><strong>conatur,</strong></span> <span class='ocrx_word' id='word_1_264' title='bbox 1677 2337 1723 2374; x_wconf 86' lang='grc' dir='ltr'><strong>ιιι</strong></span> 
     </span>
    </p>
   </div>
   <div class='ocr_carea' id='block_1_6' title="bbox 349 2448 601 2458">
    <p class='ocr_par' dir='ltr' id='par_1_7' title="bbox 349 2448 601 2458">
     <span class='ocr_line' id='line_1_32' title="bbox 349 2448 601 2458; baseline 0 0"><span class='ocrx_word' id='word_1_265' title='bbox 349 2448 601 2458; x_wconf 95' lang='lat' dir='ltr'><strong> </strong></span> 
     </span>
    </p>
   </div>
   <div class='ocr_carea' id='block_1_7' title="bbox 346 2480 1656 2580">
    <p class='ocr_par' dir='ltr' id='par_1_8' title="bbox 346 2480 1656 2580">
     <span class='ocr_line' id='line_1_33' title="bbox 346 2480 1002 2522; baseline 0.005 -8"><span class='ocrx_word' id='word_1_266' title='bbox 346 2482 369 2522; x_wconf 91' lang='lat'><strong>¹)</strong></span> <span class='ocrx_word' id='word_1_267' title='bbox 389 2480 494 2515; x_wconf 86' lang='lat' dir='ltr'><strong>Jahns</strong></span> <span class='ocrx_word' id='word_1_268' title='bbox 514 2481 720 2516; x_wconf 78' lang='lat' dir='ltr'><strong>Jahrbuchsr</strong></span> <span class='ocrx_word' id='word_1_269' title='bbox 741 2482 905 2517; x_wconf 84' lang='lat' dir='ltr'><strong>XXXVII.</strong></span> <span class='ocrx_word' id='word_1_270' title='bbox 929 2485 1002 2517; x_wconf 76' lang='lat'><strong>364.</strong></span> 
     </span>
     <span class='ocr_line' id='line_1_34' title="bbox 347 2535 1656 2580; baseline 0.002 -13"><span class='ocrx_word' id='word_1_271' title='bbox 347 2535 371 2575; x_wconf 79' lang='lat'><strong>⁸)</strong></span> <span class='ocrx_word' id='word_1_272' title='bbox 393 2535 538 2568; x_wconf 77' lang='lat' dir='ltr'><strong>Histoire</strong></span> <span class='ocrx_word' id='word_1_273' title='bbox 559 2536 601 2569; x_wconf 89' lang='lat' dir='ltr'><strong>de</strong></span> <span class='ocrx_word' id='word_1_274' title='bbox 622 2536 657 2569; x_wconf 81' lang='lat' dir='ltr'><strong>la</strong></span> <span class='ocrx_word' id='word_1_275' title='bbox 678 2537 729 2570; x_wconf 83' lang='lat' dir='ltr'><strong>vie</strong></span> <span class='ocrx_word' id='word_1_276' title='bbox 750 2540 785 2570; x_wconf 85' lang='lat' dir='ltr'><strong>et</strong></span> <span class='ocrx_word' id='word_1_277' title='bbox 805 2537 864 2571; x_wconf 84' lang='lat' dir='ltr'><strong>des</strong></span> <span class='ocrx_word' id='word_1_278' title='bbox 886 2538 1016 2579; x_wconf 72' lang='lat' dir='ltr'><strong>poesies</strong></span> <span class='ocrx_word' id='word_1_279' title='bbox 1038 2537 1070 2570; x_wconf 91' lang='lat' dir='ltr'><strong>d’</strong></span> <span class='ocrx_word' id='word_1_280' title='bbox 1084 2537 1224 2579; x_wconf 74' lang='lat' dir='ltr'><strong>Horace,</strong></span> <span class='ocrx_word' id='word_1_281' title='bbox 1246 2541 1333 2571; x_wconf 88' lang='lat' dir='ltr'><strong>tome</strong></span> <span class='ocrx_word' id='word_1_282' title='bbox 1355 2536 1504 2580; x_wconf 79' lang='lat' dir='ltr'><strong>premier.</strong></span> <span class='ocrx_word' id='word_1_283' title='bbox 1526 2542 1558 2579; x_wconf 80' lang='lat' dir='ltr'><strong>p.</strong></span> <span class='ocrx_word' id='word_1_284' title='bbox 1581 2539 1656 2571; x_wconf 77' lang='lat'><strong>253.</strong></span> 
     </span>
    </p>
   </div>
   <div class='ocr_carea' id='block_1_8' title="bbox 346 2588 1529 2633">
    <p class='ocr_par' dir='ltr' id='par_1_9' title="bbox 346 2588 1529 2633">
     <span class='ocr_line' id='line_1_35' title="bbox 346 2588 1529 2633; baseline 0.002 -11"><span class='ocrx_word' id='word_1_285' title='bbox 346 2589 370 2628; x_wconf 83' lang='lat'><strong>⁸)</strong></span> <span class='ocrx_word' id='word_1_286' title='bbox 391 2588 500 2622; x_wconf 78' lang='lat' dir='ltr'><strong>Kritik</strong></span> <span class='ocrx_word' id='word_1_287' title='bbox 520 2599 551 2623; x_wconf 84' lang='lat' dir='ltr'><strong>u.</strong></span> <span class='ocrx_word' id='word_1_288' title='bbox 573 2589 760 2633; x_wconf 64' lang='lat' dir='ltr'><strong>Erklarung</strong></span> <span class='ocrx_word' id='word_1_289' title='bbox 783 2590 842 2624; x_wconf 84' lang='lat' dir='ltr'><strong>der</strong></span> <span class='ocrx_word' id='word_1_290' title='bbox 863 2591 992 2625; x_wconf 64' lang='lat' dir='ltr'><strong>Satin-en</strong></span> <span class='ocrx_word' id='word_1_291' title='bbox 1014 2591 1072 2624; x_wconf 86' lang='lat' dir='ltr'><strong>des</strong></span> <span class='ocrx_word' id='word_1_292' title='bbox 1094 2591 1203 2625; x_wconf 83' lang='lat' dir='ltr'><strong>Horaz</strong></span> <span class='ocrx_word' id='word_1_293' title='bbox 1225 2591 1288 2625; x_wconf 79' lang='lat' dir='ltr'><strong>vol.</strong></span> <span class='ocrx_word' id='word_1_294' title='bbox 1310 2591 1335 2624; x_wconf 87' lang='grc' dir='ltr'><strong>Ι.</strong></span> <span class='ocrx_word' id='word_1_295' title='bbox 1357 2601 1432 2633; x_wconf 77' lang='lat' dir='ltr'><strong>pag.</strong></span> <span class='ocrx_word' id='word_1_296' title='bbox 1455 2592 1529 2624; x_wconf 81' lang='lat'><strong>269.</strong></span> 
     </span>
    </p>
   </div>
  </div>
 </body>
</html>
