2012 2917
890 162 1096 203 -34-

250 279 379 321 locum
405 280 447 321 in
472 279 645 331 ejusdem
671 279 768 320 anni·
791 293 829 321 u.
857 293 891 320 c.
921 280 1010 320 715.
1038 279 1166 331 spatio
1191 280 1457 331 assignaverit,
1488 303 1537 311 -
1563 293 1636 333 pro
1660 292 1728 322 ex-

249 344 403 396 plorato
429 343 573 384 habere
599 356 813 394 possumus,
852 344 955 394 quod
986 343 1222 384 Kirclmerus
1258 344 1381 393 docet,
1422 344 1496 385 hoc
1527 344 1729 387 Gratidius

250 422 320 449 seu
347 408 533 462 Canidiae
559 407 690 447 odium
714 411 755 448 et
781 407 1075 448 insectationem
1101 420 1171 459 per
1197 420 1264 448 sex
1290 411 1485 460 septemve
1510 422 1633 450 annos
1659 410 1731 451 du·

250 473 387 512 rasse?
415 495 465 501 —
494 472 582 523 Ipse
607 472 711 510 enim
736 470 974 512 Kirchnerus
1001 475 1115 512 caute
1141 471 1247 520 dicit,
1279 484 1348 512 sex
1377 475 1571 524 septemve
1609 486 1732 513 annos

250 537 412 576 durasse
443 540 461 558 ‘⁴
481 535 681 587 probabile
702 564 720 584 „
753 548 848 575 esse.
875 536 930 575 Et
963 534 1166 584 Frankius,
1193 537 1223 587 ¹)
1250 536 1318 587 qui
1344 535 1514 577 Satiram
1539 535 1631 576 libri
1649 537 1729 588 pri-

255 601 310 641 mi
323 604 500 641 octavam
511 600 554 640 in
567 607 714 640 annum
728 599 818 639 718.
837 599 996 648 confert,
1030 603 1048 623 ‘⁴
1065 599 1300 651 probabile„
1331 599 1415 641 fieri
1427 603 1541 652 putat
1553 600 1732 652 Epodum

250 664 431 715 quintum
458 664 592 705 eodem
618 667 689 704 aut
715 664 966 705 antecedente
993 677 1094 705 anno
1121 668 1325 705 exaratum
1351 678 1445 714 esse,
1483 668 1523 706 et
1556 677 1605 705 ex
1639 677 1729 705 con-

245 728 399 779 jectura
424 740 466 767 se
497 728 539 768 id
575 731 748 768 statuere
787 741 859 768 nec
903 728 1086 778 cuiquam
1124 728 1334 769 obtrudere
1369 729 1537 779 ingenue
1570 728 1728 769 fatetur.

249 791 485 832 Kirchnerus
507 792 539 843 ³)
567 795 699 832 autem
725 789 782 832 sic
807 791 1023 832 concludit:
1061 797 1149 832 c'um
1185 791 1337 833 Satirae
1376 791 1468 832 libri
1503 792 1536 832 1.
1572 796 1731 833 octavae

250 861 404 907 tempus
429 857 527 896 satis
553 852 808 907 probabiliter
832 857 875 896 in
901 870 1047 896 annum
1074 870 1112 896 u.
1141 870 1173 897 c.
1203 857 1292 897 721.
1306 856 1561 913 constitutum
1586 856 1729 897 habea-

250 933 348 968 mus,
377 920 468 960 huic
496 920 632 971 quinto
658 919 794 971 Epodo
826 932 972 960 annum
1007 919 1245 971 superiorem
1272 920 1361 961 720.
1393 923 1499 960 recte
1533 920 1731 970 assignare

251 985 438 1025 videmur.
466 985 543 1025 Sed
569 984 643 1025 hoc
669 987 729 1025 est
755 996 803 1025 ex
830 997 875 1025 eo
902 985 997 1035 ipso,
1026 985 1130 1036 quod
1156 988 1216 1025 est
1250 984 1503 1036 probandum,
1534 984 1730 1036 probatio-

249 1060 338 1088 nem
366 1048 567 1088 deducere.
595 1047 788 1087 Teuffelus
807 1048 839 1098 ³)
865 1048 1032 1099 denique
1050 1052 1322 1098 argumentum
1339 1049 1583 1099 potissimum
1609 1049 1730 1099 respi-

251 1112 367 1160 ciens,
395 1124 486 1162 cum
512 1124 538 1153 a
578 1111 694 1152 rebus
730 1111 933 1163 flagitiosis
959 1114 1000 1152 et
1039 1111 1219 1163 turpibus
1258 1124 1336 1152 non
1371 1111 1590 1160 abhorreat,
1628 1124 1731 1152 anno

250 1177 359 1217 urbis
390 1177 479 1217 714.
508 1177 732 1228 assignavit.
750 1176 942 1229 Equidem
957 1175 1135 1216 omnibus
1161 1177 1277 1217 rebus
1300 1175 1508 1227 diligenter
1526 1177 1731 1227 pensitatis

252 1241 377 1281 solum
403 1241 455 1281 ad
472 1241 589 1293 hujus
604 1241 841 1282 sententiam
854 1239 1041 1281 inclinare
1059 1242 1233 1281 animum
1260 1254 1390 1281 meum
1417 1240 1546 1281 dicere
1573 1240 1711 1281 audeo.

359 1497 599 1550 Quicumque
624 1497 666 1538 in
694 1497 851 1539 δαῆναι
876 1509 998 1539 nonae
1024 1503 1198 1550 tempore
1224 1497 1440 1540 definiendo
1470 1498 1730 1548 elaborarunt,

256 1562 412 1602 inanem
440 1575 598 1613 operam
626 1563 838 1614 suscepisse
865 1561 962 1603 mihi
989 1563 1178 1603 videntur.
1207 1562 1367 1602 Nullum
1388 1563 1492 1604 enim
1518 1563 1614 1604 certi
1641 1562 1734 1603 anni

253 1626 441 1667 indicium
481 1631 621 1667 exstat.
658 1627 741 1667 Hoc
767 1626 893 1667 solum
919 1625 1113 1667 fateamur
1138 1639 1292 1667 necesse
1318 1630 1387 1676 est,
1414 1626 1621 1667 Horatium
1646 1639 1734 1666 eam

253 1691 535 1742 conscripsisse,
563 1705 651 1731 cum
673 1693 757 1742 J'am
784 1693 825 1731 in
852 1691 1088 1732 Maecenatis
1114 1691 1420 1731 familiaritatem
1433 1692 1732 1732 seinsinuasset.

253 1755 524 1805 Importunum
551 1756 655 1794 enim
680 1756 876 1795 hominem
902 1756 1096 1803 describit,
1126 1756 1193 1806 qui
1206 1756 1326 1805 ipsius
1340 1754 1486 1794 auxilio
1498 1755 1734 1794 Maecenatis

253 1819 423 1859 favorem
449 1819 636 1870 aucupari
663 1823 836 1868 conatur,
865 1820 1064 1870 docetque,
1098 1818 1224 1870 qualis
1264 1819 1339 1858 sibi
1374 1818 1618 1859 familiaritas
1645 1832 1734 1858 cum

251 1882 475 1922 Maecenate
500 1883 726 1922 intercedat.
754 1883 839 1930 Qua
865 1883 905 1922 in
932 1896 973 1922 re
1000 1882 1252 1922 describenda
1287 1895 1375 1922 cum
1411 1882 1581 1934 perfecta
1615 1887 1733 1933 atque

255 1946 434 1986 absoluta
461 1950 546 1986 arte
573 1960 666 1986 usus
694 1947 756 1995 sit,
786 1960 879 1987 sane
906 1947 1028 1986 satira
1059 1947 1263 1997 posteriori
1298 1947 1463 1997 tempori
1502 1946 1733 1997 assignetur.

255 2010 330 2050 Sed
356 2009 466 2049 illam
494 2022 529 2048 a.
560 2010 650 2048 719.
660 2014 706 2048 ut
719 2010 910 2049 Frankius
929 2010 1138 2057 contendit,
1158 2013 1229 2048 aut
1247 2009 1337 2048 720.
1355 2013 1401 2048 ut
1413 2010 1650 2048 Kirchnerus
1665 2009 1733 2048 do·-

255 2074 346 2122 cuit‚
375 2087 459 2114 esse
473 2074 737 2125 compositam,
753 2074 945 2114 neminem
969 2086 1062 2115 esse.
1083 2074 1150 2125 qui
1169 2073 1274 2113 omni
1301 2072 1419 2113 dubio
1436 2076 1584 2113 remoto
1603 2072 1731 2113 dicere

253 2139 395 2189 possit,
423 2138 519 2177 mihi
543 2151 773 2189 persuasum
799 2142 870 2186 est,
908 2151 1048 2188 eosque
1075 2139 1143 2188 qui
1179 2142 1327 2177 certum
1359 2150 1504 2177 annum
1544 2141 1731 2185 statuant,

254 2202 489 2243 divinatione
518 2202 577 2242 uti
603 2206 663 2242 est
689 2202 948 2242 manifestum.
977 2200 1237 2242 Confiteamur
1263 2202 1394 2253 igitur,
1422 2213 1505 2241 rem
1522 2200 1562 2241 in
1586 2201 1735 2242 incerto

254 2280 350 2307 esse.
378 2267 459 2307 Nec
485 2267 583 2306 scire
611 2266 670 2306 fas
698 2270 758 2306 est
784 2267 927 2306 omnia.

363 2480 387 2521 Ι)
408 2480 501 2513 Fasti
521 2479 601 2513 Hor.
622 2486 655 2522 p.
680 2481 751 2513 180.

362 2535 387 2576 ²)
409 2533 541 2575 Quaest.
564 2534 644 2567 Hor.
667 2544 699 2576 p.
721 2536 774 2567 27.
796 2534 826 2577 ξ.
847 2535 900 2567 49.

362 2588 387 2629 ⁸)
409 2587 557 2621 Muscam
578 2587 631 2620 fur
651 2587 832 2628 Philologie
858 2588 949 2621 1846.
973 2597 1004 2628 p.
1030 2589 1102 2619 111.
