2012 2917
884 189 1091 229 ..25-

248 304 511 361 persuasisset.
558 305 669 361 Quod
719 317 805 345 cum
831 317 909 345 non
945 303 1098 360 fecerit,
1154 303 1240 353 alia,
1270 303 1588 355 circumspiciam*
1612 317 1726 357 argu-

247 375 379 413 menta
404 384 556 411 necesse
582 373 651 410 est.
681 369 738 408 Ac
764 369 929 419 primum
954 367 1049 408 mihi
1088 367 1246 407 Frankii
1261 367 1304 420 ¹),
1333 381 1449 418 quam
1481 369 1663 409 instituit>
1678 369 1726 409 de

249 435 461 486 Georgicon
486 436 627 482 aetate,
671 432 844 483 quaestio
873 432 1050 479 occurrit,
1092 444 1169 482 qua
1195 431 1348 482 quidem
1374 431 1579 472 Horatium
1603 433 1726 473 Buco-

247 500 324 539 lica
350 503 390 538 et
416 500 580 549 primum
607 496 820 545 Georgicon
847 496 1024 535 volumen
1051 508 1095 535 eo
1119 499 1301 545 tempore,
1330 508 1406 545 quo
1425 525 1443 543 „
1472 497 1588 536 molle
1610 501 1726 547 atque

247 562 414 602 facetum
440 560 601 611 Virgilio
629 559 813 599 Camenas
830 570 919 598 rure
937 558 1147 608 gaudentes
1174 558 1351 598 annuisse
1365 587 1381 606 ‚‚
1413 559 1639 609 scripsisset,
1667 572 1726 599 re-

247 627 392 676 spicere
418 624 590 674 potuisse
616 622 806 673 probavit.
829 621 939 668 Quod
966 622 1119 672 quidem
1145 621 1317 662 sufficere
1344 635 1430 662 reor
1448 622 1498 661 ad
1525 622 1727 662 Kirchneri

246 712 300 720 —
318 692 358 728 et
385 689 468 738 ipse
494 687 585 726 hist.
616 687 717 726 Einl.
747 699 832 737 pag.
854 687 914 725 11.
937 686 1149 735 Georgicon
1175 685 1244 725 lib.
1274 686 1304 725 1.
1334 698 1369 725 a.
1401 687 1486 726 719.
1527 690 1728 727 exaratum

246 753 363 792 fuisse
389 754 627 791 concesserat
656 774 703 779 —
732 751 920 790 rationem
946 749 1242 798 convellendam,
1272 763 1349 800 qua
1376 750 1514 790 ductus
1532 751 1573 790 in
1586 764 1730 791 annum

248 817 336 854 723.
357 816 526 853 *satiram
553 815 740 854 decimam
767 814 941 852 contulit.
971 813 1077 851 Nihil
1104 814 1205 851 enim
1231 814 1401 863 impedit,
1432 815 1633 864 quominus
1660 827 1726 853 an-

247 878 380 918 teriori
406 891 507 918 anno
534 890 618 917 eam
645 877 890 926 assignemus.
920 876 1066 923 Deinde
1092 876 1295 924 Frankius,
1334 877 1436 927 quod
1478 877 1663 918 Horatius
1689 879 1729 916 in

246 955 358 982 versu
385 944 447 981 26.
476 934 612 979 duram
651 937 794 979 Petillii
829 952 986 978 causam
1012 940 1167 989 oblique
1195 941 1332 989 tangit,
1363 941 1585 989 gravissimo
1613 942 1728 980 docu-

246 1009 375 1045 mento
402 1016 484 1044 esse
511 1003 652 1050 docuit,
683 1003 844 1042 satiram
871 1006 962 1041 ante
989 1015 1023 1041 a.
1055 1004 1076 1041 7
1081 1003 1143 1041 20.
1174 1015 1256 1042 esse
1284 1006 1419 1042 ortam.
1449 1004 1548 1043 Nam
1574 1004 1642 1044 illo
1670 1005 1727 1043 in-

245 1067 330 1120 quit
355 1068 536 1118 temporis
562 1071 692 1106 tractu
718 1067 903 1106 Horatius
930 1066 1085 1106 Caesari
1112 1067 1264 1106 deditus
1283 1080 1365 1106 esse
1384 1068 1511 1118 coepit
1539 1068 1727 1118 desiitque

245 1133 326 1183 ejus
352 1131 606 1171 familiaribus
633 1131 804 1170 illudere.
834 1131 1038 1170 Praeterea
1067 1131 1102 1169 ei
1128 1143 1259 1170 versus
1287 1132 1365 1178 42„
1395 1132 1435 1169 in
1453 1144 1565 1181 quem
1581 1132 1724 1171 mentio

244 1196 520 1248 perhonorifica
547 1196 739 1243 Pollionis,
769 1198 814 1234 ut
841 1195 907 1244 qui
934 1198 1026 1233 tunc
1053 1195 1177 1245 ipsum
1204 1196 1555 1245 praestantissimas
1573 1200 1724 1246 tragoe-

245 1261 329 1300 dias
356 1260 560 1310 scripserit,
590 1260 732 1309 injecta
760 1261 829 1305 est,
859 1258 960 1297 idem
987 1259 1146 1298 suadere
1160 1259 1322 1298 videtur.
1350 1259 1474 1305 Quare
1492 1272 1603 1309 spero
1620 1261 1726 1299 haud

245 1324 409 1364 multum
436 1336 460 1363 a
486 1335 575 1363 vero
602 1335 663 1362 me
703 1335 786 1362 esse
823 1321 1101 1372 aberraturum,
1151 1323 1182 1361 si
1211 1323 1395 1362 decimam
1435 1336 1520 1362 cum
1559 1323 1727 1363 Frankio

245 1400 344 1427 anno
372 1388 461 1425 719.
509 1387 750 1435 assignavero
779 1389 818 1424 et
858 1389 1036 1435 quartam
1072 1387 1242 1435 proxime
1277 1387 1519 1435 praecesisse,
1564 1387 1727 1426 fortasse

245 1463 344 1490 anno
374 1451 462 1489 718.
491 1453 675 1489 statuero.
696 1449 756 1488 Ad
775 1443 891 1500 quam
910 1449 1139 1488 sententiam
1167 1448 1462 1489 confirmandam
1482 1453 1521 1489 et
1537 1450 1609 1490 hoc
1626 1450 1728 1501 mulf

245 1519 327 1553 tum
356 1515 468 1560 valet,
498 1514 601 1563 quod
627 1526 816 1562 nusquam
855 1513 1077 1562 posterioris
1115 1515 1296 1563 temporis
1338 1514 1540 1562 vestigium
1582 1518 1722 1553 exstat.

246 1577 346 1616 Nam
373 1589 442 1615 nec
470 1576 591 1615 Cassii
617 1576 720 1615 illius
748 1576 904 1615 Etrusci
936 1579 952 1597 “
972 1575 1143 1615 ambusti
1170 1577 1294 1626 capsis
1306 1580 1362 1615 —et
1389 1577 1499 1615 libris
1515 1606 1531 1624 „
1563 1578 1724 1617 mentio-

244 1653 330 1680 nem
356 1653 457 1680 nunc
483 1640 686 1691 quisquam
716 1663 763 1668 —
792 1643 837 1679 ut
865 1640 1021 1680 Frankii
1048 1640 1175 1680 verbis
1201 1644 1292 1680 utar
1321 1664 1369 1669 -—
1398 1644 1487 1691 post
1513 1642 1722 1681 accuratis-

245 1705 381 1744 simam
408 1704 614 1743 Weicherti
632 1703 929 1754 disputationem
947 1705 979 1755 2)
1008 1704 1058 1743 ad
1077 1703 1251 1744 Cassium
1270 1705 1511 1745 Parmensem
1530 1717 1630 1746 anno
1657 1718 1722 1746 ur-

243 1768 304 1809 bis
332 1768 507 1810 conditae
536 1769 557 1807 7
562 1769 624 1808 23.
654 1768 897 1809 demortuum
925 1768 1075 1816 referet,
1105 1782 1173 1809 nec
1200 1782 1330 1810 versus
1359 1770 1420 1810 38.
1451 1782 1551 1821 seq.:

377 1925 901 1933 .........
931 1895 1018 1935 haec
1046 1909 1107 1946 eqo
1134 1896 1219 1935 lado

381 1959 484 2007 Quae
511 1971 624 2007 ‘neque
652 1960 692 1997 in
720 1959 809 1997 aede
837 1963 966 1998 sonent
993 1960 1180 1998 certantia
1199 1959 1325 2008 judice
1354 1959 1494 2008 Tarpa,

378 2021 455 2061 Nec
482 2022 635 2062 redeant
661 2023 798 2062 iterum
823 2026 934 2073 atque
962 2023 1098 2063 iterum
1124 2023 1328 2073 spectanda
1356 2023 1521 2063 theatris.

243 2151 291 2191 de
318 2150 504 2201 Apollinis
532 2151 674 2201 templo
701 2163 735 2191 a.
766 2151 918 2192 demum
948 2152 1035 2192 726.
1073 2151 1227 2192 condito
1268 2152 1506 2203 intelligendi
1539 2155 1640 2201 sunt,
1676 2156 1722 2192 ut

243 2212 446 2253 Massonus
470 2216 501 2264 ⁸)
530 2214 672 2253 docuit.

420 2423 437 2445 ς

288 2500 291 2503 ’
346 2502 368 2541 ¹)
391 2501 482 2533 Fasti
503 2501 581 2534 Hor.
604 2511 679 2543 pag.
702 2503 754 2535 22.
778 2512 845 2545 seq.

346 2555 368 2595 2)
391 2553 441 2586 De
465 2553 541 2586 Var.
566 2557 598 2587 et
620 2555 710 2590 Cass.
732 2556 838 2590 Parm.
861 2566 894 2598 p.
917 2558 989 2590 213.
1013 2565 1079 2598 seq.
1102 2556 1196 2599 impr.
1220 2558 1292 2591 265.
1316 2558 1389 2590 266.

347 2608 371 2649 ⁸)
395 2606 459 2640 vit.
482 2606 560 2641 Hor.
583 2617 615 2649 p.
640 2610 711 2642 161.
