2012 2917
926 187 1135 226 -37—

289 303 428 351 editas,
465 302 586 342 videri
624 301 870 355 referendam.
910 301 1116 342 Horatium
1155 301 1285 351 igitur,
1326 299 1480 339 laudem
1523 301 1676 351 quidem
1694 314 1758 341 ac-

288 367 423 417 cepise,
453 366 528 407 sed
543 380 630 407 cum
653 366 689 407 ei
715 365 877 407 fortasse
898 369 999 406 esset
1028 366 1165 406 leviter
1190 363 1321 414 aliquo
1347 364 1462 404 modo
1490 364 1757 415 significatum,

289 429 507 480 Augustum
535 435 678 482 optare,
689 434 735 470 ut
747 431 828 481 ipse
840 429 1023 469 laudibus
1049 428 1099 468 ab
1114 441 1160 468 eo
1174 427 1432 476 extolleretur,
1452 441 1521 478 pro
1548 441 1619 467 sua
1643 429 1760 468 urba-

287 494 421 543 nitate,
434 507 532 546 quae
540 494 710 543 sentiret,
726 494 917 545 explicare
929 492 1106 532 voluisse.
1122 489 1380 538 Quamobrem
1401 490 1527 530 verbis
1549 504 1681 531 versus
1696 493 1759 531 20.

288 558 452 598 ironiam
479 550 673 609 quandam
685 558 819 606 inesse,
838 569 917 597 non
942 556 1106 596 fortasse
1117 566 1316 605 perperam
1334 553 1421 593 dici.
1443 576 1496 583 —
1523 553 1671 601 Quibus
1697 568 1764 605 po·

288 621 374 672 sitis
395 618 592 661 'Teuffelus
632 620 798 660 Satiram
824 620 989 671 primam
1028 631 1064 658 a.
1092 620 1141 659 U.
1184 619 1274 657 720.
1301 622 1370 647 ’-
1411 618 1499 657 721.
1540 618 1760 668 assignavit,

286 698 364 736 quo
391 675 540 724 statuto
568 685 684 724 etiam
709 696 861 724 versum
888 684 965 731 60„
980 695 1058 733 quo
1084 682 1270 721 Horatius
1297 681 1437 721 satiras
1464 694 1505 721 se
1531 681 1762 721 omissurum

288 760 371 788 esse
395 752 522 799 negat,
550 748 699 788 facilem
713 747 948 798 explicatum
973 745 1115 786 habere
1140 745 1282 786 docuit.
1312 744 1397 792 Quo
1421 748 1646 796 argumento
1673 758 1761 795 gra-

288 811 444 853 vissimo
470 816 510 853 et
535 825 597 852 me
624 810 817 851 Teuffelus
842 810 894 850 ad
919 823 1011 850 suas
1036 813 1166 860 partes
1192 809 1394 859 pertraxit.

394 1063 567 1104 Satiram
592 1064 790 1104 secumdam
816 1064 1049 1103 Kirchnerus
1067 1064 1117 1103 ad
1143 1067 1392 1103 auctumnum
1405 1063 1496 1102 anni
1512 1064 1600 1102 717.
1633 1064 1759 1111 refert,

285 1140 361 1178 quo
380 1128 564 1167 Horatius
591 1141 638 1167 ex
650 1128 788 1167 itinere
800 1127 1030 1167 Brundisino
1042 1127 1163 1167 redux
1177 1127 1342 1166 Ofellum
1358 1140 1471 1166 suum
1483 1127 1626 1177 inagro
1643 1140 1761 1178 prope

288 1191 493 1230 Venusiam
521 1192 595 1231 sito
621 1192 807 1231 reviserit.
835 1191 1026 1230 Frankius
1053 1195 1198 1238 contra,
1228 1204 1341 1241 quem
1364 1190 1628 1241 praejudicata
1654 1194 1763 1230 tenet

288 1253 426 1303 opinio,
455 1266 584 1293 omnes
610 1254 750 1294 satiras
776 1267 852 1304 quo
879 1257 1014 1293 extant
1039 1254 1171 1293 ordine
1188 1266 1270 1293 esse
1284 1254 1524 1304 compositas,
1556 1253 1763 1292 Horatium

291 1329 339 1357 ex
365 1317 479 1357 Ofelli
519 1318 899 1359 sermocinationibus
927 1319 1069 1360 satirae
1108 1318 1223 1369 hujus
1264 1318 1466 1358 materiam
1505 1317 1762 1368 desumpsisse

290 1382 474 1430 concedit,
502 1395 571 1421 nec
597 1385 726 1421 tamen
753 1382 840 1421 inde
867 1383 998 1432 colligi
1024 1395 1136 1433 posse
1163 1382 1370 1430 contendit,
1399 1381 1449 1421 ab
1476 1381 1545 1420 illo
1572 1394 1653 1420 esse
1679 1385 1760 1421 sta-

291 1445 363 1484 tim
390 1449 478 1495 post
504 1446 671 1485 reditum
698 1449 906 1485 exaratam.
935 1445 1125 1486 Teuffelus
1151 1459 1221 1485 nec
1246 1447 1364 1490 unius,
1387 1447 1457 1485 nec'
1488 1446 1647 1485 alterius
1675 1458 1760 1485 sen·

289 1510 435 1548 tentiae
476 1510 658 1549 accedens
694 1510 853 1549 satiram
888 1523 923 1549 a.
952 1511 1041 1549 715.
1069 1532 1123 1540 —-
1151 1512 1238 1550 716.
1266 1511 1307 1549 in
1352 1501 1517 1550 editione
1557 1511 1758 1550 Kirchneri

287 1572 370 1611 Vol.
398 1573 446 1611 II.
476 1576 586 1623 parte
612 1574 659 1612 II.
689 1586 776 1624 pag.
806 1575 867 1613 39.
882 1574 1102 1624 assignavit,
1123 1587 1210 1613 cum
1227 1575 1267 1612 in
1293 1574 1391 1613 Mus.
1413 1574 1533 1623 Rhen.
1562 1587 1649 1625 pag.
1666 1575 1756 1614 213.

286 1637 328 1675 in
354 1649 498 1675 annum
509 1638 596 1676 725.
626 1649 711 1681 eam
737 1638 944 1677 retulisset.
974 1638 1092 1689 Cujus
1106 1639 1466 1678 commentationem
1480 1651 1567 1677 cum
1580 1638 1759 1689 perlegis-

288 1712 380 1747 sem,
399 1700 497 1740 illud
523 1700 654 1741 Plauti
677 1701 775 1740 mihi
803 1702 995 1741 occurrit:

625 1850 678 1857 ——
709 1828 847 1868 Omnia
871 1841 910 1869 se
936 1829 1119 1868 simodant
1144 1829 1239 1882 scire
1266 1852 1318 1858 —

447 1891 554 1940 Quod
577 1892 729 1941 quisque
754 1893 797 1931 in
823 1894 950 1932 animo
976 1893 1092 1941 habet,
1120 1896 1189 1932 aut
1215 1893 1437 1941 habiturust,
1464 1894 1611 1941 sciunt,-

446 1952 579 1993 Sciu'nt
604 1956 696 2003 qwc'd
719 1956 763 1994 in
788 1969 919 1995 amem
944 1958 1011 1995 rex
1036 1958 1185 2006 reginae
1212 1957 1350 1995 dioeerit
1364 1970 1377 1994 .·

446 2016 579 2057 Sciant
605 2019 702 2068 quod
726 2019 828 2060 Juno
854 2020 1063 2071 fabulatast
1089 2022 1172 2060 cam
1199 2021 1308 2061 Jove:

449 2082 551 2131 Quae
577 2083 691 2132 ne'que
715 2085 877 2133 fuerunt,
904 2086 1019 2134 neque
1044 2089 1142 2133 sunt,
1174 2088 1309 2132 tamen,
1339 2085 1399 2124 illi
1423 2086 1556 2124 sciunt.

418 2208 606 2248 Teuffelus
633 2210 732 2248 enim
760 2210 1012 2250 subtilissima
1043 2212 1197 2261 quidem
1229 2213 1558 2262 argumentatione
1594 2225 1670 2252 non
1696 2217 1756 2252 ta-

285 2283 374 2309 men
391 2271 441 2309 ad
454 2273 760 2322 parsuadendum
785 2275 1073 2314 accommodata
1087 2274 1233 2315 efficere
1245 2275 1340 2324 vult,
1361 2275 1575 2324 Horatium,
1591 2288 1678 2315 cum
1695 2288 1756 2315 ar-

286 2339 508 2385 gumentum
547 2337 588 2375 in
622 2337 878 2378 Maecenatem
920 2340 1160 2389 potissimum
1186 2339 1320 2379 cadere
1356 2340 1512 2388 videret,
1555 2339 1756 2380 consilium

286 2398 367 2438 Sat.
396 2400 584 2440 secundae
610 2414 645 2440 a.
676 2403 765 2441 715.
797 2426 844 2432 —
874 2404 962 2442 716.
992 2404 1234 2453 compositae,
1250 2404 1290 2442 in
1304 2404 1537 2451 collectione,
1567 2416 1682 2455 quam
1700 2403 1756 2443 fa-

287 2476 370 2503 cere
396 2463 436 2502 in
462 2465 589 2504 animo
615 2465 784 2514 haberet,
824 2468 1059 2507 omittendae
1101 2468 1256 2518 cepisse.
1292 2468 1354 2507 Ita
1389 2467 1535 2507 factum
1576 2480 1669 2515 esse,
1711 2471 1757 2507 ut
1804 2456 1812 2462 ’

286 2527 481 2574 Horatius,
497 2540 583 2567 cum
596 2529 759 2578 primam
772 2531 879 2570 illam
893 2532 1152 2571 collectionem
1180 2531 1397 2571 Satirarum
1416 2532 1557 2579 ederet,
1577 2531 1677 2570 hanc
1690 2545 1756 2581 op·

286 2591 477 2642 presserit,
502 2605 570 2632 nec
596 2592 830 2643 reliquarum
849 2596 997 2645 corpori
1029 2595 1191 2635 inserere
1209 2595 1384 2635 voluerit.
1412 2595 1625 2635 Posteriore
1660 2598 1756 2634 tem-
