2012 2917
909 151 1118 190 ...24-

264 265 405 305 satiras
434 267 632 314 emisisset,
673 279 749 306 non
776 268 1053 306 animadvertit.
1091 291 1139 297 —
1180 268 1210 307 F
1212 268 1388 308 rankius'
1412 269 1565 319 quidem
1602 268 1744 309 satirae
1798 279 1800 281 ’

268 337 429 381 quartae
457 337 544 382 post
572 332 728 372 tertiam
754 332 878 372 locum
906 332 1125 382 assignavit,
1155 332 1221 372 sed
1249 337 1336 383 post
1364 346 1505 373 annum
1534 334 1636 382 716„
1668 346 1742 386 quo

264 396 506 435 recitationes
534 396 711 447 publicae
739 396 788 436 ab
809 397 940 436 Asinio
968 396 1137 435 Pollione
1165 398 1240 436 sint
1269 398 1481 447 institutae,
1512 404 1636 438 ortam
1663 412 1745 439 esse
1782 398 1786 401 ”

262 465 390 511 negat,
421 461 567 501 dicens:
601 466 617 483 “
634 462 697 501 vix
724 466 835 501 tanta
862 475 947 501 cum
974 462 1251 511 contemptione
1269 461 1369 501 hunc
1387 475 1529 501 morem
1548 463 1744 504 derisisset

264 525 297 564 si
323 524 505 564 Pollionis
533 526 823 572 commissiones,
854 537 950 575 quae
970 530 1009 564 et
1029 525 1250 564 oriebantur
1268 526 1452 564 laudabili
1467 528 1635 565 auctoris
1655 539 1742 566 con-

274 589 360 628 silio
397 592 436 628 et
464 590 653 629 communi
691 590 885 629 hominum
921 589 1119 628 doctorum
1160 590 1297 639 plausu
1325 590 1617 640 excipiebantur,
1660 592 1742 641 Jam

263 653 511 693 invaluissent
531 658 569 694 et
588 654 742 704 publice
762 655 871 704 quasi
899 654 1068 693 sancitae
1087 654 1256 693 fuissent.
1266 685 1282 701 „
1307 653 1380 694 Sed
1399 655 1629 695 Kirchnerus
1649 655 1676 706 ¹)
1704 656 1744 694 111

265 717 546 758 Commentario
574 719 623 758 ad
652 719 731 758 Sat.
752 719 814 758 IV.
834 720 931 758 tales
958 719 1131 769 publicas
1158 719 1402 758 recitationes
1425 721 1505 769 jam
1533 724 1624 760 ante
1656 720 1743 760 Pol-

263 783 402 821 lionem
429 784 468 821 in
495 797 598 822 more
625 784 740 822 fuisse
769 788 809 822 et
836 788 922 832 post
950 784 1100 832 saepius
1127 784 1249 821 factas
1277 796 1358 821 esse
1385 784 1524 822 docuit.
1555 785 1670 834 Cujus
1688 786 1743 823 rei

265 847 477 897 exemplum
504 848 698 897 dialogum
723 847 771 899 de
800 846 1028 894 oratoribus,
1046 847 1110 896 qui
1139 847 1271 885 Tacito
1291 847 1507 894 ascribitur,
1535 849 1743 898 perlegenti

263 912 303 949 in
330 912 455 961 capite
486 913 543 951 13.
572 912 666 950 mihi
692 912 868 957 occurrit,
898 912 937 949 in
965 925 1039 960 quo
1067 912 1265 949 Maternus
1285 911 1483 960 Virgilium
1501 925 1622 961 neque
1641 913 1743 962 apud

264 975 393 1014 divum
438 976 652 1025 Augustum
689 963 815 1025 gratia
850 988 970 1025 neque
1011 975 1111 1024 apud
1145 975 1325 1024 populum
1360 976 1571 1014 Romanum
1605 976 1744 1015 notitia

263 1040 431 1079 caruisse
458 1041 515 1079 ita
542 1044 697 1079 narrat:
724 1040 879 1078 “Testes
907 1040 1070 1089 Augusti
1099 1040 1293 1089 epistolae,
1323 1041 1433 1079 testis
1462 1041 1541 1090 ipse
1568 1041 1740 1091 populus,

263 1105 328 1155 qui
355 1098 499 1143 auditis
526 1105 565 1143 in
593 1104 746 1144 theatro
774 1104 924 1154 Virgilii
952 1104 1126 1143 versibus
1154 1105 1321 1142 surrexit
1349 1105 1544 1144 universus
1572 1109 1610 1143 et
1646 1105 1745 1144 forte

263 1173 503 1220 praesentem
530 1173 837 1220 spectantemque
864 1169 1065 1218 Virgilium
1092 1173 1294 1208 veneratus
1339 1173 1397 1208 est
1436 1170 1490 1208 sic
1531 1170 1639 1220 quasi
1666 1170 1742 1209 Au-

264 1238 426 1284 gustum.
442 1264 458 1281 „
491 1234 565 1273 Sed
592 1246 792 1284 pergamus
820 1234 974 1272 tandem
1001 1234 1051 1271 ad
1079 1233 1190 1271 finem
1209 1238 1363 1272 nostrae
1391 1235 1741 1273 commentationis:

369 1298 601 1337 Kirchnerus
629 1310 676 1337 ex
704 1310 748 1337 eo
776 1297 877 1348 quod
906 1300 989 1336 erat
1029 1297 1280 1347 probandum,
1323 1298 1445 1347 ipsam
1482 1297 1744 1348 probationem

263 1363 441 1409 deduxit3
458 1363 616 1401 Frankii
643 1363 923 1412 argumentatio
950 1362 1039 1408 ruit,
1061 1362 1161 1411 quod
1180 1362 1286 1400 falsis
1313 1362 1526 1400 rationibus
1545 1363 1740 1409 innititur3

246 1425 455 1471 ‚Teuffelus
482 1430 706 1477 argumento
734 1439 758 1465 a
786 1426 949 1473 silentio,
970 1425 1081 1464 valde
1100 1424 1258 1472 infirmo,
1276 1439 1383 1464 suam
1401 1430 1561 1465 conatus
1580 1430 1638 1465 est
1656 1439 1742 1477 pro-

262 1493 355 1531 bare
379 1492 614 1530 sententiam.
645 1491 750 1537 Quae
777 1504 865 1539 ergo
894 1491 1093 1539 explorata
1120 1490 1315 1536 habemus,
1350 1495 1439 1529 sunt
1468 1491 1583 1529 haec:
1616 1491 1744 1530 Satira

264 1560 404 1607 quarta
433 1555 636 1594 secundam
665 1559 704 1593 et
732 1555 888 1593 tertiam
917 1554 1018 1603 (vide
1033 1555 1398 1601 commentationem,
1419 1567 1533 1604 quam
1560 1555 1607 1592 de
1625 1556 1741 1593 tertia

264 1621 571 1671 conscripsimus)
601 1623 732 1659 secuta
761 1624 800 1658 et
827 1619 996 1669 proxime
1023 1622 1112 1657 ante
1140 1619 1324 1657 decimam
1359 1623 1417 1658 est
1446 1622 1615 1658 exarata.
1661 1619 1742 1666 Quo

262 1686 380 1736 igitur
406 1698 506 1724 anno
535 1685 688 1723 decima.
708 1684 759 1722 sit
788 1683 1003 1732 conscripta
1031 1696 1130 1721 nunc
1169 1696 1405 1733 quaeramus,
1450 1684 1539 1733 quia
1580 1683 1741 1722 fortasse

264 1764 311 1790 ex
338 1751 410 1790 hac
437 1750 659 1801 quaestione
698 1748 881 1788 absoluta
922 1748 971 1786 ad
1017 1752 1176 1797 quartae
1214 1752 1378 1787 aetatem
1419 1748 1744 1788 determinandam

263 1816 359 1854 certi
386 1815 478 1865 quid
507 1814 656 1853 adferre
685 1814 905 1862 poterimus.

369 1997 601 2036 Kirchnerus
630 1995 727 2034 alias
754 2006 890 2033 causas
917 1994 1084 2033 invenire
1112 2006 1189 2033 non
1216 1995 1355 2044 potuit,
1385 1993 1523 2044 quibus
1551 1998 1743 2044 permotus

264 2063 437 2101 Satiram
464 2062 645 2100 decimam
673 2061 712 2098 in
738 2073 880 2098 annum
909 2060 997 2097 723.
1028 2073 1063 2097 u.
1095 2072 1125 2097 c.
1155 2063 1283 2108 posset
1313 2059 1492 2105 conferre,
1536 2059 1611 2097 nisi
1640 2058 1740 2108 quod

263 2141 410 2168 versum
437 2128 516 2166 44.:
551 2150 596 2154 —
631 2130 647 2147 ‘⁴
666 2125 778 2165 molle
807 2128 923 2174 atque
950 2124 1114 2163 facetum
1143 2147 1194 2153 --
1220 2123 1381 2174 Virgilio
1409 2128 1623 2163 annuerunt
1651 2137 1742 2174 gau-

262 2194 395 2232 dentes
423 2206 510 2230 rure
538 2192 734 2237 Camenae,
752 2221 767 2237 „
800 2203 876 2228 non
903 2189 1025 2228 solum
1052 2189 1101 2227 ad
1129 2190 1308 2227 Bucolica
1330 2189 1396 2227 sed
1420 2189 1536 2227 etiam
1556 2189 1605 2227 ad
1625 2189 1742 2228 Geor-

262 2258 348 2308 gica
374 2270 406 2296 a.
437 2257 525 2295 724.
557 2269 580 2294 a
608 2254 767 2304 Virgilio
796 2253 975 2292 absoluta
1001 2252 1237 2292 referendum
1266 2266 1348 2292 esse
1362 2253 1561 2303 judicavit.
1584 2253 1740 2292 Certum

262 2324 380 2372 igitur
406 2322 530 2370 inquit
558 2325 628 2366 est,
665 2320 823 2357 satiram
864 2319 1059 2364 decimam,
1104 2320 1134 2355 si
1176 2332 1216 2356 re
1258 2331 1346 2356 vera
1374 2318 1476 2356 haud
1504 2319 1624 2357 multo
1653 2322 1741 2367 post

262 2390 441 2438 quartam
467 2398 501 2423 a.
534 2385 619 2422 722.
648 2386 845 2422 exaratam
873 2382 1083 2432 composita
1110 2386 1180 2429 est,
1210 2383 1353 2431 primae
1390 2383 1480 2419 anni
1519 2383 1605 2420 723.
1633 2382 1742 2419 dimi-

263 2453 349 2491 diae
376 2450 478 2501 parti
506 2462 588 2488 esse
616 2447 893 2498 assignandam.
925 2471 971 2474 —
1002 2447 1187 2486 Brevibus
1229 2448 1347 2497 igitur
1387 2448 1647 2497 quaestionem
1675 2446 1742 2484 ab·

262 2516 386 2563 solvit,
416 2527 538 2564 neque
566 2526 634 2563 ego
663 2524 884 2563 quaererem
911 2512 1025 2559 ultra,
1066 2512 1097 2551 si
1125 2512 1217 2550 mihi
1245 2512 1293 2551 de
1320 2525 1419 2551 anno
1451 2513 1537 2550 722.
1579 2513 1739 2561 quartae

368 2614 390 2654 ¹)
413 2612 451 2644 V.
473 2611 552 2644 Hor.
577 2611 642 2643 Sat.
667 2611 715 2642 ed.
740 2610 802 2643 vol.
823 2610 864 2642 11.
887 2612 970 2650 part.
994 2610 1018 2642 I.
1042 2620 1071 2651 p.
1098 2611 1168 2642 163.
