2012 2917
885 144 1095 182 ...19-

249 264 486 309 innotuisset,
515 261 631 300 tertia
658 260 891 305 Maecenatis
917 260 1084 297 animum
1110 258 1186 297 sibi
1209 258 1484 300 conciliandum
1501 271 1720 308 omnemque

250 326 499 375 malignitatis
529 325 780 374 suspicionem
805 323 1069 363 removendam
1096 322 1170 361 sibi
1196 322 1402 371 proposuit.
1420 325 1448 372 ¹)
1468 322 1721 368 Quamobrem

250 386 456 428 amicorum
479 389 574 429 vitia
600 388 737 425 leniter
762 386 917 425 ferenda
944 390 983 423 et
1009 385 1217 428 maioribus
1239 385 1447 423 virtutibus
1478 385 1609 423 docuit
1639 398 1721 424 esse

250 452 423 502 tegenda.
458 452 606 498 Restat,
649 454 694 489 ut
721 462 1008 488 commemorem
1047 450 1163 488 etiam
1201 447 1408 487 Teuffelum
1436 449 1598 487 eundem
1635 462 1721 488 cum

249 517 457 555 Kirchnero
485 528 625 553 annum
652 514 765 563 hujus
793 514 945 562 eclogae
973 517 1153 559 statuere,
1184 514 1355 562 quamvis
1383 536 1430 540 —
1451 517 1495 551 ut
1522 513 1614 552 mihi
1640 514 1721 562 qui-

249 580 334 620 dem
373 579 525 620 videtur
554 602 601 606 -
644 577 936 617 concertationis
963 578 1089 617 studio
1127 581 1278 616 tantum
1322 577 1459 617 ductus
1504 576 1719 625 Weicherti,

251 645 461 690 Kirchneri,
490 643 634 681 Franki
660 643 706 681 de
734 644 890 681 consilio
918 647 957 680 et
984 644 1142 688 ratione,
1181 655 1257 690 qua
1285 642 1469 680 Horatius
1495 643 1534 678 in
1562 642 1723 689 Tigellio

252 708 391 745 iterum
418 706 666 744 describendo
695 707 745 744 sit
772 719 873 752 usus,
903 706 1179 755 impugnaverit
1206 706 1445 745 sententiam.

356 899 700 937 Commentationes
727 898 773 936 de
804 898 957 936 satirae
983 902 1140 947 quartae
1168 902 1294 936 aetate
1313 899 1522 950 perlegenti
1541 911 1722 948 perquam

251 963 344 1001 bene
358 963 502 1001 dictum
515 962 610 1001 illud
630 962 807 1008 Terentii,
833 966 948 1012 “quot
968 962 1135 1001 homines
1155 966 1213 1000 tot
1230 963 1461 1009 sententiae„
1485 962 1577 1000 mihi
1602 963 1723 1001 visum

251 1032 320 1074 est,
350 1028 526 1077 quoniam
555 1032 647 1077 quot
676 1028 745 1065 viri
769 1028 1029 1076 quaestionem
1055 1028 1313 1073 instituerunt,
1352 1031 1627 1076 proposuerunt
1657 1031 1724 1066 ‘tot

249 1092 325 1129 fere
352 1092 571 1129 sententias.
602 1092 659 1129 Eo
688 1092 829 1141 majore
858 1092 974 1139 igitur
1001 1091 1198 1139 diligentia
1226 1094 1264 1129 et
1291 1091 1447 1129 consilio
1471 1092 1509 1128 in
1532 1091 1603 1129 hac
1622 1103 1722 1130 com-

249 1156 481 1193 mentatione
510 1156 783 1193 conscribenda
801 1160 900 1202 utar,
932 1169 998 1192 nec
1028 1160 1154 1193 tamen
1182 1156 1342 1193 aliorum
1361 1155 1513 1204 judiciis
1540 1155 1722 1205 neglectis

251 1231 379 1256 verum
405 1219 590 1257 invenisse
617 1219 710 1257 mihi
737 1219 937 1267 arrogabo.

356 1282 591 1321 Weichertus
619 1283 737 1332 igitur
764 1296 796 1332 p.
825 1283 850 1321 l.
881 1297 909 1320 r.
932 1297 963 1332 p.
986 1284 1073 1322 300.
1104 1283 1178 1321 ait:
1211 1306 1263 1311 -—
1283 1282 1637 1322 Obtrectationibus
1657 1297 1720 1322 ex-

250 1351 447 1395 asperatus
475 1348 625 1395 scripsit
651 1347 834 1384 Horatius
859 1361 892 1383 a.
923 1361 959 1384 u.
989 1361 1019 1383 c.
1052 1348 1138 1383 715.
1184 1347 1306 1384 medio
1343 1348 1501 1384 satiram
1528 1351 1717 1395 quartam,

250 1410 288 1446 in
316 1422 392 1459 qua
419 1409 465 1447 de
495 1409 704 1448 Satirarum
733 1423 885 1448 suarum
914 1414 1051 1448 natura
1079 1413 1117 1447 et
1146 1410 1227 1459 lege
1256 1410 1441 1460 exposuit,
1473 1423 1635 1461 suosque
1663 1424 1720 1449 re-

252 1475 507 1522 prehensores,
538 1476 602 1524 qui
642 1476 813 1521 aliorum,
853 1477 1024 1524 quamvis
1052 1476 1235 1513 malorum
1277 1479 1485 1523 poetarum,
1516 1480 1560 1513 ut
1587 1475 1723 1513 Fannii

257 1541 305 1586 (v,
337 1539 417 1588 21.)
448 1539 585 1576 satiras
631 1538 919 1585 admirarentur,
951 1538 1143 1588 redarguit
1172 1539 1452 1589 contemnitque
1481 1539 1723 1590 superciliose

252 1618 284 1642 v.
318 1603 363 1641 71
384 1619 390 1641 :

391 1709 405 1720 ⁸·
426 1700 543 1738 Nulla
572 1701 727 1738 taberna
754 1713 850 1739 meos
877 1701 1010 1739 habeat
1036 1713 1149 1749 neque
1170 1700 1254 1749 pila
1282 1700 1430 1746 libellos,

430 1766 522 1811 Quis
549 1777 683 1802 manus
712 1765 856 1802 insudet
882 1765 979 1812 vulqi
1007 1764 1316 1812 Hermoyeuisque
1345 1764 1497 1813 Tigelli!

429 1827 505 1865 Nec
531 1828 642 1865 recito
669 1829 843 1876 cuiquam
869 1829 945 1866 m‘si
972 1829 1112 1874 amicis,
1141 1828 1249 1876 idque
1277 1831 1432 1874 coaetus,

427 1891 513 1930 Nou
539 1892 657 1930 ubivis
685 1905 850 1930 coramve
876 1893 1092 1941 quibuslibet
1117 1924 1145 1937 .,.
1180 1916 1223 1921 -—-

251 1989 363 2028 Patet
389 1989 506 2039 igitur
534 1989 790 2028 Weichertum
817 1991 997 2039 temporis
1024 1990 1192 2028 ordinem
1233 1991 1369 2029 tertiae
1407 1995 1445 2029 et
1473 1995 1634 2041 quartae
1663 2005 1721 2030 sa—

251 2054 349 2091 tirae
390 2053 446 2091 ita
486 2054 693 2100 invertisse,
738 2058 782 2091 ut
823 2054 920 2092 hanc
966 2054 1033 2092 illa
1074 2055 1235 2103 priorem
1275 2054 1446 2101 haberet,
1477 2068 1562 2093 cum
1590 2060 1723 2095 contra

250 2116 437 2156 Frankius
465 2118 650 2155 rationem
680 2131 786 2155 suam
814 2131 940 2156 omnes
969 2131 1042 2166 quo
1070 2121 1202 2156 extant
1231 2118 1361 2156 ordine
1388 2120 1614 2168 compositas
1642 2132 1723 2159 esse

252 2257 272 2288 l’
289 2261 412 2298 auteur,
436 2258 462 2289 si
484 2258 559 2289 bien
585 2258 614 2289 d’
624 2259 740 2290 accord
764 2268 840 2291 avec
864 2269 914 2291 ses
936 2269 1071 2300 propres
1093 2260 1265 2300 principes.
1291 2260 1334 2292 Ge
1357 2259 1464 2292 furent
1478 2260 1723 2301 probablement

253 2311 300 2342 les
322 2310 429 2342 motifs
452 2312 506 2350 qui
544 2311 589 2342 lui
619 2310 714 2344 firent
744 2312 868 2344 desirer
904 2313 944 2344 de
975 2313 1005 2344 le
1036 2315 1212 2344 connaitre.
1242 2313 1269 2344 Il
1292 2317 1340 2344 est
1361 2313 1528 2354 probable,
1559 2314 1647 2354 qu‘il
1670 2313 1719 2346 fut

245 2366 372 2398 charme
395 2366 482 2398 aussi
505 2367 562 2398 des
583 2367 675 2398 traits
698 2367 812 2399 malins
835 2372 867 2399 et
890 2369 999 2399 aceres
1024 2368 1063 2399 de
1087 2371 1169 2399 cette
1193 2367 1290 2399 satire
1307 2370 1417 2399 contre
1433 2367 1490 2400 des
1504 2377 1722 2408 personnages

255 2420 307 2460 qu’
318 2419 342 2451 il
364 2420 515 2452 n'aimait
551 2430 620 2460 pas,
653 2421 947 2460 particulierement
977 2426 1086 2453 contre
1111 2431 1147 2453 ce
1174 2421 1330 2453 chanteur
1351 2421 1516 2462 Tigellius,
1550 2425 1623 2462 trop
1646 2422 1721 2453 bien

253 2472 400 2505 accueilli
421 2482 481 2513 par
504 2473 623 2506 Octave
647 2474 746 2506 Ce'sar
768 2479 799 2506 et
822 2475 876 2515 qui
898 2475 984 2506 avait
1007 2484 1046 2506 eu
1069 2474 1255 2507 l⁷habitude
1279 2474 1318 2507 de
1341 2474 1480 2516 prendre
1504 2485 1581 2508 avec
1596 2475 1641 2507 lui
1664 2475 1721 2508 des

251 2529 393 2562 licences
415 2538 476 2570 que
498 2529 632 2562 Mecene
655 2540 696 2563 ne
717 2530 850 2572 pouvait
872 2540 1062 2572 approuver.

360 2586 381 2624 ¹)
404 2583 535 2616 Kirchn.
560 2589 681 2626 quaest.
705 2594 777 2626 pag.
802 2586 852 2620 53.
876 2585 903 2629 ξ,
928 2587 956 2617 9.
