2012 2917
851 166 1062 208 ...31-

209 285 393 335 scriptam
420 296 502 323 esse
528 283 682 331 diceret,
710 296 788 323 non
813 283 911 324 vidit
937 283 1144 323 Horatium
1163 295 1245 321 rem
1267 285 1285 304 “
1307 282 1483 321 omnibus
1510 286 1554 321 et
1575 282 1690 332 lippis

208 351 341 387 notam
368 351 408 386 et
433 347 654 387 tonsoribus
667 377 684 395 „
715 346 973 397 descripsisse.
1012 345 1199 385 Libenter
1234 345 1354 394 igitur
1393 345 1562 384 Frankio
1599 358 1688 385 con-

207 411 312 458 cedo,
340 424 416 450 non
440 411 558 463 fuisse
580 414 717 461 poetae
742 410 1001 458 metuendum,
1030 422 1079 448 ne
1104 412 1187 448 tam
1213 408 1340 447 faceta
1358 408 1612 458 perridiculae
1630 409 1687 448 rei

208 475 361 524 pictura
386 476 512 514 minus
538 475 747 514 delectaret
773 475 937 513 lectores
964 476 1053 523 post
1080 472 1304 511 decennium
1332 475 1373 510 et
1400 472 1528 521 plures
1555 484 1686 519 annos,

209 541 339 586 tamen
366 538 514 586 dubito,
543 551 634 578 num
661 540 749 588 post
775 537 1024 577 decennium:

446 656 661 713 Proscripti
687 664 805 714 Reyis
832 663 967 712 Ruffli
986 674 1065 711 pus
1091 665 1203 711 atque
1230 673 1407 700 venenum

447 728 618 778 Hybrida
643 741 713 778 quo
733 730 849 777 pacto
876 727 928 766 sit
954 725 1114 765 Persius
1140 725 1251 773 ultus,
1281 726 1412 774 opinor

452 792 631 831 Ommhus
658 796 694 830 et
720 792 835 840 limais
862 794 990 829 notwm
1017 793 1053 829 et
1081 790 1288 828 tonsorwus
1314 802 1398 828 esse.

209 919 412 958 Horatium
441 919 607 957 scribere
633 919 814 967 potuisse,
843 919 879 956 ei
906 917 1111 956 concedere
1148 917 1319 955 debeam.
1358 916 1464 955 Idem
1500 916 1690 955 Frankius

213 987 230 1004 “
247 983 407 1021 ironiam
434 982 627 1032 quandam
655 985 693 1020 et
720 981 918 1031 apathiam
936 1010 954 1029 „
984 993 1062 1031 qua
1090 984 1205 1031 poeta
1231 980 1345 1019 Bruti
1371 980 1602 1019 mentionem
1637 979 1690 1018 fe-

208 1047 334 1093 cisset,
363 1047 403 1084 in
430 1060 465 1085 v.
500 1047 562 1085 33.
591 1058 693 1094 seq.:

342 1202 726 1210 .......
756 1171 834 1211 Per
861 1183 1025 1222 maynos,
1056 1171 1189 1219 Brute,
1218 1171 1301 1211 deos
1326 1174 1360 1210 te

344 1235 429 1284 Oro,
458 1237 523 1285 qua)
549 1249 648 1285 reyes
675 1237 861 1275 consueris
889 1237 1020 1284 tollere,
1048 1248 1114 1275 cur
1140 1248 1216 1274 mm

340 1296 450 1339 Hune
475 1312 596 1350 reyem
613 1300 767 1349 juyulas
780 1301 802 1340 ‚2
834 1299 996 1349 Operum
1021 1299 1085 1339 hoc
1111 1299 1203 1338 mihi
1230 1298 1343 1346 crede,
1374 1302 1523 1337 tuorwm
1552 1302 1617 1338 est.

208 1416 361 1456 invenit.
390 1416 501 1455 Illam
534 1420 550 1437 “
567 1415 744 1454 callidam
772 1416 934 1454 ironiam
949 1444 966 1463 „
998 1416 1115 1454 etiam
1142 1428 1203 1454 me
1230 1415 1371 1465 fugisse
1407 1415 1512 1454 haud
1539 1414 1604 1454 ibo
1631 1416 1687 1454 in-

208 1479 320 1519 fitias.
350 1479 425 1519 Sed
452 1480 621 1519 dolorem
648 1492 774 1518 meum
801 1492 861 1518 me
888 1480 945 1518 ita
972 1479 1088 1518 fuisse
1114 1479 1301 1526 hebetem,
1330 1483 1376 1517 ut
1403 1479 1519 1518 istam
1537 1483 1554 1500 “
1578 1479 1686 1517 calli-

207 1542 297 1580 dam
340 1543 501 1581 ironiam
525 1572 541 1589 „
585 1555 661 1581 non
703 1542 874 1589 viderim,
915 1543 1156 1582 vehementer
1201 1542 1421 1580 consolatur
1466 1541 1689 1580 scholiastes

209 1605 410 1656 Cruquius‚
439 1607 505 1656 qui
541 1607 635 1645 haec
662 1607 710 1645 de
737 1607 890 1656 Rupilio
918 1619 1006 1656 rege
1041 1606 1243 1646 memoriae
1270 1606 1465 1656 prodidit:
1500 1610 1516 1628 ‘⁴
1530 1606 1690 1646 Publius

208 1670 383 1719 Rupilius
419 1671 501 1709 Rex
538 1671 817 1717 Praenestinus,
859 1673 1064 1719 postquam
1106 1683 1129 1708 a
1157 1670 1415 1708 Praenestinis
1455 1670 1493 1707 in
1531 1670 1689 1709 exilium

207 1733 344 1772 missus
380 1736 450 1780 est,
488 1733 528 1771 in
564 1733 696 1772 Attica
732 1732 939 1784 (Spohnius
967 1737 1070 1773 recte
1096 1733 1310 1772 emendavit
1337 1733 1377 1771 in
1403 1732 1543 1772 Africa.
1583 1733 1688 1773 Conf.

205 1796 345 1835 Caesar
371 1797 415 1835 B.
445 1797 514 1835 civ.
545 1797 574 1834 I.
606 1798 667 1835 31.
699 1797 775 1835 Cic.
806 1810 875 1846 pro
903 1798 985 1846 Lig.
1020 1799 1052 1835 1.
1083 1797 1135 1848 3.)
1165 1797 1347 1836 militavit
1375 1796 1448 1835 sub
1477 1797 1586 1836 Attio
1613 1797 1688 1836 Va-

206 1859 283 1898 rio:
313 1859 448 1898 deinde
474 1872 560 1898 cum
587 1863 809 1909 praeturam
837 1864 995 1910 gereret,
1033 1861 1072 1899 in
1100 1860 1347 1900 triumviratu
1375 1860 1610 1911 proscriptus
1637 1860 1688 1900 ab

205 1923 380 1972 Augusto
406 1923 575 1971 confugit
611 1923 661 1961 ad
694 1924 870 1970 Brutum,
908 1925 948 1961 in
973 1925 1082 1973 cujus
1117 1924 1253 1962 castris
1281 1937 1368 1962 cum
1397 1924 1559 1963 Horatio
1588 1937 1689 1963 com-

205 1986 340 2033 milito,
370 1986 463 2025 tulit
481 1999 593 2036 aegre
613 1986 813 2025 tribunum
829 2000 915 2026 eum
934 2000 1016 2026 esse
1034 1988 1212 2034 militum,
1235 1988 1382 2037 generis
1405 1970 1689 2037 ignobilitatem

206 2051 241 2089 ei
283 2063 395 2100 saepe
422 2050 684 2100 exprobrans;
715 2064 833 2100 quare
868 2052 1064 2101 Horatius,
1098 2056 1143 2090 ut
1177 2065 1217 2090 se
1248 2052 1507 2099 ulcisceretur,
1547 2052 1687 2091 descri-

204 2113 264 2151 bit
289 2114 496 2152 infacetum
524 2117 563 2151 et
590 2126 773 2163 arrogans
801 2115 882 2164 ejus
905 2115 945 2152 in
967 2115 1159 2164 jurgando
1188 2127 1275 2154 cum
1294 2115 1425 2154 Persio
1444 2115 1646 2164 ingenium.
1666 2144 1683 2163 „

205 2177 408 2216 Praeterea
435 2177 604 2217 conferas
630 2177 744 2217 velim
772 2190 887 2217 carm.
917 2178 964 2217 11.
997 2179 1031 2217 7.
1063 2182 1102 2217 et
1129 2192 1186 2229 ep.
1226 2179 1255 2218 Ι.
1296 2180 1356 2218 20.
1395 2180 1457 2219 23.
1487 2182 1527 2218 et
1563 2179 1687 2219 Hora-

205 2241 302 2279 tium
328 2242 532 2280 memoriae
560 2245 599 2280 et
624 2242 767 2280 nomini
793 2242 906 2281 Bruti
933 2242 1114 2281 honorem
1134 2256 1281 2292 semper
1298 2243 1480 2282 habuisse
1506 2243 1684 2282 invenies.

205 2303 291 2342 Meo
314 2304 401 2353 jure
427 2304 547 2353 igitur
575 2308 730 2354 poetam
749 2305 855 2344 haud
892 2305 1016 2345 multo
1052 2309 1151 2355 post,
1181 2319 1298 2356 quam
1325 2306 1487 2346 Romam
1514 2319 1688 2347 reversus

206 2369 275 2414 est,
302 2379 336 2406 a.
367 2367 453 2406 713.
483 2368 642 2408 satiram
670 2369 866 2420 scripsisse
893 2370 1093 2409 contendo.
