2012 2917
904 160 1115 204 -32—

365 277 519 318 Satirae
546 281 696 319 octavae
722 287 866 319 annum
892 279 1127 320 constituere
1141 289 1237 319 ¹esse
1264 291 1345 319 rem
1383 292 1568 332 perquam
1608 278 1742 320 diffici-

256 342 332 381 lem
357 343 398 381 in
424 355 544 392 eaque
572 344 813 393 conjecturae
840 344 967 382 locum
994 343 1163 382 dandum
1192 355 1321 383 omnes
1349 344 1422 383 viri
1449 344 1554 391 docti
1580 345 1742 395 ingenue

256 405 438 445 fatentur.
468 406 683 446 Videndum
711 407 830 457 igitur
858 406 969 446 nobis
997 407 1080 455 erit,
1112 419 1227 458 quam
1254 406 1495 457 potissimum
1514 408 1742 452 sententiam

257 470 490 511 firmioribus
538 473 667 511 nixam
713 474 950 522 argumentis
996 473 1287 522 amplectamur.
1327 473 1493 511 Maxime
1533 473 1634 512 enim
1671 474 1743 513 viri

258 534 362 573 docti
389 536 428 572 in
455 546 555 574 anno
583 536 852 574 constituendo
887 536 1131 582 dissentiunt,
1175 539 1221 574 ut
1265 536 1387 585 primo
1428 539 1741 585 argumentorum

259 597 401 637 obtutu
429 599 491 638 vix
519 612 631 649 quem
662 599 845 649 sequaris,
875 599 1028 639 habeas.
1058 599 1133 639 Sed
1161 599 1523 640 ratiocinationibus
1550 603 1589 640 et
1606 600 1742 639 Kiroh-

259 662 339 700 neri
368 666 406 700 et
433 662 602 709 Frankii‚
632 664 800 702 virorum
830 667 868 702 et
897 676 1048 702 summa
1089 663 1267 702 doctrina
1314 668 1353 702 et
1395 664 1594 714 diligentia
1620 667 1660 702 et
1685 664 1742 702 in-

258 725 358 774 genii
385 726 558 765 acumine
576 727 782 776 insignium
810 727 1028 766 accuratius
1056 727 1259 776 pensitatis
1287 730 1494 777 utrumque
1513 740 1659 767 errasse
1685 728 1742 766 in-

258 789 394 826 venies.
422 789 492 827 Ille
519 790 559 826 in
586 790 876 838 quaestionibus
906 791 984 828 suis
1022 790 1245 828 Horatianis
1282 803 1317 839 p.
1352 792 1411 828 16.
1450 791 1614 840 Bentleji
1641 803 1742 829 com-

258 851 499 901 putationem
527 852 737 892 convellere
779 855 938 892 conatus
975 856 1034 892 est
1070 853 1137 901 ita,
1167 856 1212 892 ut
1240 853 1395 901 diceret,
1426 865 1513 892 cum
1548 853 1589 891 in
1614 852 1682 892 lib.
1712 853 1741 892 I.

259 913 336 952 Sat.
366 915 401 952 8.
431 916 519 954 novi
546 917 779 955 Maecenatis
807 917 909 955 horti
928 917 967 954 in
986 917 1179 965 Esquiliis,
1208 918 1292 956 loco
1320 917 1425 966 prius
1444 917 1626 966 sepulcris
1645 929 1740 966 pau-

259 990 392 1028 perum
421 979 616 1020 destinato
644 984 949 1020 memorarentur
977 984 1015 1019 et
1042 980 1082 1018 in
1109 979 1175 1019 lib.
1206 980 1254 1019 II.
1285 983 1356 1020 sat.
1384 980 1504 1020 tertia
1539 980 1580 1019 in
1614 979 1743 1020 aedifi-

259 1043 381 1082 cando
410 1045 526 1083 etiam
554 1049 764 1095 occupatus
792 1049 1006 1095 appareret,
1039 1068 1086 1073 —
1117 1046 1256 1084 satiras
1284 1045 1354 1084 has
1394 1058 1470 1084 non
1511 1046 1623 1090 nimis
1649 1039 1744 1084 tem-

258 1118 349 1155 pore
394 1119 505 1156 posse
545 1108 646 1148 inter
687 1122 726 1147 se
772 1122 855 1148 esse
896 1109 1120 1158 disjunctas.
1162 1109 1288 1158 Atque
1326 1121 1413 1147 cum
1454 1121 1502 1147 ex
1542 1108 1742 1147 aedilitate

258 1170 450 1219 Agrippae
479 1185 512 1209 v.
547 1172 632 1210 185.
663 1172 833 1211 indicata
856 1172 1030 1211 Satiram
1057 1171 1148 1210 libri
1177 1172 1333 1211 secundi
1360 1172 1518 1211 tertiam
1544 1184 1620 1211 non
1656 1174 1746 1210 ante

260 1245 402 1272 annum
443 1235 530 1273 722.
572 1236 754 1285 scriptam
796 1249 878 1275 esse
919 1236 1014 1274 satis
1052 1239 1257 1282 constaret,
1301 1236 1382 1285 jam
1419 1239 1631 1285 propterea
1663 1234 1742 1274 Sat.

259 1296 326 1335 lib.
356 1297 385 1336 Ι.
417 1301 592 1337 octavam
619 1311 653 1337 a.
686 1300 774 1338 721.
804 1298 1058 1349 probabiliter
1085 1298 1260 1337 attribui.
1304 1299 1445 1338 Contra
1481 1311 1598 1354 quam
1633 1311 1745 1348 argu—

259 1363 535 1402 mentationem
562 1362 750 1402 Frankius
778 1364 835 1402 ita
863 1375 1022 1402 exorsus
1050 1365 1123 1401 est:
1154 1362 1326 1401 Primum
1349 1363 1431 1413 jam
1449 1362 1489 1401 id
1508 1362 1649 1402 falsum
1669 1365 1739 1410 est,

260 1425 362 1474 quod
390 1428 549 1466 satiram
577 1427 733 1466 tertiam
781 1427 871 1466 libri
909 1428 1064 1466 secundi
1104 1431 1194 1466 ante
1233 1439 1376 1465 annum
1420 1427 1508 1465 722.
1548 1423 1746 1465 exaratam

260 1501 341 1528 esse
369 1494 484 1540 negat
512 1490 755 1530 Kirchnerus.
786 1491 883 1529 Nam
911 1503 997 1529 cum
1025 1491 1194 1541 Agrippa
1208 1491 1289 1540 jam
1309 1502 1407 1529 anno
1432 1490 1516 1528 721.
1537 1489 1747 1529 aedilitatis

260 1565 355 1591 onus
383 1554 487 1592 ultro
515 1558 724 1603 susceperit
753 1554 852 1603 (Dio.
876 1556 938 1592 49.
961 1556 1054 1605 43),
1086 1555 1165 1604 ipse
1193 1566 1324 1593 versus
1356 1554 1454 1600 185„
1476 1554 1515 1591 in
1534 1565 1610 1603 quo
1630 1553 1744 1603 hujus

261 1616 315 1654 rei
343 1617 487 1656 mentio
515 1617 577 1656 fit:

424 1727 603 1768 “Scilicet
633 1732 673 1767 ut
694 1728 867 1777 plausus,
899 1740 988 1777 quos
1016 1729 1089 1777 fert
1118 1727 1304 1777 Aqra'ppa,
1332 1728 1434 1776 seras
1465 1730 1516 1766 tu.
1539 1757 1555 1774 ,‚

260 1840 383 1886 docet,
415 1841 574 1879 satiram
603 1841 733 1880 eodem
763 1852 862 1879 anno
888 1844 927 1878 et
955 1840 1124 1889 potuisse
1162 1839 1278 1878 scribi
1320 1842 1358 1877 et
1400 1839 1582 1889 scriptam
1619 1838 1747 1877 verisi-

261 1904 350 1942 mile
378 1917 470 1943 esse.
509 1904 635 1951 Quare
680 1905 739 1944 vel
780 1905 835 1943 ita
882 1904 1002 1943 satira
1044 1904 1072 1942 Ι.
1102 1904 1137 1942 8.
1173 1903 1291 1953 priori
1317 1903 1480 1952 tempori
1519 1901 1748 1952 assignanda

222 1962 231 1977 ²
262 1967 388 2006 fuerit.
419 1991 466 1996 —-
497 1968 571 2008 Sed
597 1969 692 2007 illud
720 1969 877 2007 Frankii
905 1971 1173 2017 argumentum
1200 1980 1300 2006 nunc
1327 1967 1366 2004 in
1393 1966 1519 2005 medio
1556 1966 1747 2015 relinqua-

263 2043 359 2078 mus,
390 2035 428 2070 et
455 2032 621 2071 alterum
650 2033 777 2081 potius
806 2032 1096 2071 consideremus.
1127 2031 1231 2069 Dicit
1258 2031 1369 2077 enim,
1398 2034 1443 2068 ut
1470 2028 1651 2069 brevibus
1669 2041 1749 2067 rem

263 2095 496 2145 complectar
524 2109 569 2135 ex
599 2095 677 2135 Sat.
708 2097 740 2134 2.
771 2098 819 2135 3..
852 2096 938 2135 308.
968 2108 1072 2144 seq.:

942 2216 1103 2265 Accipe.-
1123 2217 1296 2264 primum

448 2281 646 2329 Aedificas,
675 2281 738 2318 hcc
765 2284 829 2326 est,
858 2281 983 2328 lonyos
1011 2280 1190 2326 imitaris,
1221 2277 1268 2317 ab
1298 2279 1369 2317 imo

450 2343 516 2383 Ad
540 2355 729 2383 summum
758 2345 857 2382 totus
884 2341 1025 2382 moduli
1052 2341 1242 2392 bipedalis.

266 2456 305 2491 et
333 2464 379 2491 ex
408 2466 439 2491 v.
470 2452 558 2491 312.

453 2573 518 2612 An
546 2573 782 2623 quodcwnque
808 2573 903 2623 tacit
932 2572 1146 2620 Maecenas,
1177 2576 1211 2612 te
1240 2584 1381 2622 quoque
1408 2583 1536 2611 verum
1565 2572 1631 2609 est.
