2012 2917
911 159 1119 199 „42-

291 274 386 317 Asia
411 274 562 317 venisse
587 274 638 316 ad
665 274 893 316 seditionem
905 278 1184 330 retemnomm,
1221 285 1330 325 quos·
1353 276 1444 320 sine¹
1463 287 1623 317 munere
1650 274 1762 316 dimi·

292 340 409 384 serat,
424 337 748 387 compescendam,
764 337 897 386 ibique
922 338 1086 387 triginta
1103 337 1194 388 (Dio
1218 337 1281 385 51,
1297 337 1352 387 5.)
1367 342 1437 378 aut
1452 339 1591 389 viginti
1616 330 1763 390 septem

293 398 376 441 dies
403 401 624 453 (Suetonius
651 413 683 441 e.
714 401 793 451 17.)
820 404 1023 449 moratum,
1039 400 1159 442 donec
1185 401 1378 443 desideria
1408 402 1578 443 militum
1603 404 1758 444 ordina-

291 469 437 513 rentur,
467 469 506 507 et
533 464 669 507 deinde
705 465 747 504 in
783 465 986 506 Graeciam
1025 465 1190 516 indeque
1208 466 1250 506 in
1275 466 1408 505 Asiam
1435 478 1517 506 esse
1554 471 1759 508 revectum.

291 530 419 572 Primo
446 533 587 576 autem,
622 529 724 579 quod
750 528 963 577 attulimus,
992 533 1221 580 argumento
1245 530 1318 574 hoo
1343 530 1427 572 loco
1453 530 1504 570 de
1529 543 1631 572 anno
1658 527 1760 578 718„

291 606 368 643 quo
395 595 512 633 etiam
543 605 655 641 agros
681 592 914 633 Octavianus
940 593 1044 633 inter
1056 597 1258 634 veteranos
1271 598 1357 633 tum
1382 594 1424 634 in
1451 594 1664 644 Campania
1672 598 1758 633 tum

292 658 333 696 in
361 656 447 695 aliis
474 656 613 695 Italiae
638 655 859 705 regionibus
900 655 1166 704 distribuerat,
1207 669 1286 698 non
1304 669 1415 707 posse
1446 657 1620 708 cogitari,
1649 657 1763 698 facile

291 721 488 761 evincitur.
515 720 690 769 Denique
716 719 820 770 qnod
846 733 881 758 v.
910 720 974 759 38.
989 720 1137 761 dictum
1155 720 1342 770 legimus:

481 852 497 869 “
530 846 737 895 hupranat
762 847 821 887 his
847 859 951 895 eura,
980 847 1185 889 Maecenas
1209 849 1320 898 sayna
1347 848 1494 889 tabellis
1524 878 1541 896 „

293 987 394 1016 anno
425 974 515 1016 723.
546 975 698 1026 egregie
725 976 911 1018 convenit.
940 976 1097 1017 Etenim
1132 976 1334 1018 Maecenas
1369 978 1514 1017 Romae
1553 981 1593 1017 et
1628 976 1767 1017 Italiae

292 1043 375 1077 tum
406 1040 660 1089 praepositus,
690 1040 778 1089 (Dio
806 1039 870 1078 51.
899 1040 936 1078 3.
965 1040 1074 1087 Plin.,
1091 1041 1154 1079 37.
1183 1041 1237 1090 2.)
1265 1054 1343 1079 una
1370 1054 1457 1079 cum
1483 1042 1655 1091 Agrippa
1696 1054 1766 1079 an·-

286 1103 420 1142 nulum
449 1104 532 1153 ejus
560 1103 813 1153 signatorium
842 1104 1014 1153 sphingis
1042 1104 1249 1154 imaginem
1280 1104 1520 1151 referentem,
1558 1104 1667 1154 cujus
1693 1104 1763 1143 du-

289 1167 377 1216 plex
418 1167 590 1216 ejusdem
631 1166 777 1205 formae
805 1167 1002 1216 exemplar
1038 1168 1269 1205 Octavianus
1303 1167 1478 1206 habebat
1492 1197 1503 1214 ‚
1551 1172 1762 1217 acceperat,

292 1243 413 1282 eoque
441 1230 692 1281 obsignandis
718 1231 839 1282 ipsius
867 1231 1020 1272 nomine
1046 1230 1202 1272 tabellis
1234 1235 1292 1271 est
1331 1244 1435 1272 usus.
1476 1230 1623 1278 Quibus
1649 1244 1764 1282 argu-

288 1296 429 1335 mentis
456 1295 692 1335 Kirchnerus
712 1296 742 1344 ¹)
770 1296 948 1344 Bentleii,
978 1308 1097 1344 quam
1123 1296 1165 1334 in
1192 1296 1306 1334 initio
1338 1296 1669 1334 commentationis
1699 1307 1767 1332 no-

291 1361 397 1398 strae
425 1357 707 1407 exscripsimus,
737 1357 1063 1408 computationem
1088 1357 1278 1398 convellit.
1314 1357 1416 1398 Nam
1451 1357 1485 1401 si
1524 1357 1645 1397 satira
1669 1357 1765 1396 haec

291 1422 342 1461 ad
357 1435 503 1463 annum
532 1422 622 1463 718.
642 1426 742 1464 esset
755 1422 967 1469 referenda,
986 1421 1142 1462 initium
1159 1421 1436 1463 familiaritatis
1449 1423 1551 1462 inter
1562 1422 1765 1462 Horatium

288 1490 326 1525 et
355 1486 620 1528 Maecenatem
644 1487 727 1536 jam
754 1485 796 1527 in
822 1498 967 1527 annum
995 1486 1083 1525 711.
1112 1485 1319 1527 incidisset.

395 1675 550 1718 Satirae
577 1677 757 1727 septimae
794 1681 830 1720 et
857 1680 1007 1719 octavae
1029 1681 1137 1719 aetas
1165 1680 1269 1719 certe
1304 1675 1471 1723 describi
1506 1689 1582 1716 non
1625 1679 1764 1728 potest.

290 1741 422 1781 Solum
450 1742 580 1783 dicere
607 1754 812 1791 possumus
837 1754 886 1782 ex
913 1742 1057 1783 satirae
1083 1742 1270 1791 septimae
1282 1753 1394 1780 versu
1415 1741 1502 1780 118.
1521 1740 1767 1779 manifestum

289 1803 381 1851 fieri,
403 1808 559 1854 poetam
586 1805 789 1854 praedium
817 1804 1003 1856 Sabinum
1026 1805 1109 1854 jam
1136 1804 1204 1845 diu
1220 1804 1443 1854 possedisse,
1463 1803 1624 1853 ideoque
1650 1804 1683 1843 si
1705 1803 1765 1843 ul-

287 1869 425 1908 timam
451 1881 528 1909 non
556 1869 737 1916 dicemus,
765 1872 899 1910 tamen
922 1873 1027 1909 recte
1040 1868 1256 1908 novissimis
1289 1868 1399 1907 illam
1411 1867 1764 1907 adnumrabimus.

287 1931 487 1980 Teuffelus,
530 1933 731 1983 Spohnius,
762 1932 949 1972 Weberus
963 1945 998 1971 a.
1012 1932 1100 1971 726.
1114 1932 1224 1973 illam
1243 1932 1500 1982 assignanmt,
1532 1931 1765 1971 Kirchnerus

288 1997 328 2034 in
355 2009 500 2035 annum
527 1997 629 2044 725„
649 1997 839 2035 Frankius
853 1997 894 2035 in
909 2009 945 2035 a.
961 1996 1050 2035 724.
1065 1997 1097 2046 ⁹)
1111 1996 1286 2035 contulit.
1307 1996 1399 2042 Quis
1413 1995 1549 2034 horum
1570 1994 1620 2033 ad
1633 2007 1765 2033 verum

290 2073 406 2110 quam
434 2061 608 2110 proxime
635 2061 849 2108 accesserit,
878 2073 1066 2111 perquam
1093 2059 1248 2101 difficile
1276 2063 1335 2100 est
1375 2059 1494 2098 dictu.
1533 2059 1579 2097 In
1614 2071 1765 2097 versum

289 2124 469 2162 ultimum
498 2124 683 2165 Canidiae
709 2124 856 2165 mentio
882 2127 941 2162 est
968 2124 1111 2174 injecta
1147 2123 1199 2165 ob
1240 2136 1401 2173 eamque
1437 2120 1626 2163 Teuffelus
1666 2121 1765 2160 hanc

288 2188 448 2226 satiram
482 2188 524 2227 in
564 2188 698 2238 primis
736 2188 893 2227 secundi
929 2187 1021 2226 libri
1062 2200 1143 2226 esse
1176 2187 1376 2237 judicavit.
1409 2186 1533 2225 Aliter
1567 2189 1766 2224 senserunt

289 2253 536 2301 Kirchnerus,
565 2252 768 2300 Frankius,
798 2253 864 2303 qui
891 2265 999 2294 mera
1026 2252 1248 2305 conjectura
1272 2251 1381 2293 ducti
1409 2263 1495 2292 eam
1522 2264 1557 2292 a.
1587 2250 1675 2292 724.
1703 2263 1764 2292 as-

290 2316 506 2364 signarunt.
543 2317 841 2363 Walckenaerus
875 2317 906 2365 ⁸)
932 2316 1005 2359 hoc
1032 2316 1191 2357 consilio
1232 2319 1412 2364 quartam
1446 2318 1487 2355 et
1504 2318 1678 2355 octavam
1703 2327 1765 2355 sa-

395 2465 417 2506 ι)
441 2464 572 2506 Quaest.
594 2466 672 2499 Hor.
694 2466 714 2509 ξ
736 2467 787 2499 38.

392 2519 421 2559 ²)
438 2518 517 2551 Hor.
538 2518 650 2552 Flacci
674 2519 865 2560 Sermonum
886 2519 961 2558 libri
982 2519 1057 2560 duo.
1078 2519 1142 2560 vol.
1163 2520 1203 2559 ῌ.
1224 2528 1312 2563 pare.
1334 2521 1365 2559 2.

391 2573 414 2612 ³)
438 2572 582 2605 Histoire
605 2572 645 2605 de
666 2572 701 2606 la
721 2573 773 2606 vie
796 2576 830 2606 et
853 2573 911 2606 des
933 2573 1064 2614 poesies
1086 2573 1246 2606 d’Horace
1268 2576 1354 2612 tome
1375 2572 1401 2606 1.
1422 2581 1455 2614 p.
1476 2573 1549 2608 894.
