2012 2917
878 184 1088 222 ..17-

245 306 502 346 Maecenatem
529 305 660 353 aperte
687 302 880 342 nominare
906 299 993 339 inde
1020 304 1139 350 patet,
1170 301 1270 351 quod
1297 301 1359 341 hie
1393 307 1525 353 potens
1553 310 1636 344 erat
1677 309 1717 345 et

245 359 357 421 apud·
374 370 610 409 triumvirum
652 368 812 407 maxime
845 365 1010 406 valebat.
1049 365 1249 405 Horatium
1289 380 1396 415 vero,
1436 370 1500 418 qui
1541 382 1564 408 a
1604 370 1715 410 Bruti

248 433 420 483 partibus
448 438 608 473 steterat
635 434 742 471 illum
770 435 985 471 aversatum
1012 444 1103 477 esse,
1134 435 1172 469 et
1201 431 1280 470 sale
1307 445 1375 471 suo
1398 433 1634 482 perfricuisse
1660 435 1715 474 fa-

243 499 313 538 cile
340 503 458 549 patet.
488 498 551 537 Illi
578 511 661 537 cum
688 496 842 535 tandem
870 508 894 534 a
921 494 1036 533 Vario
1064 498 1103 533 et
1131 507 1154 533 a
1182 495 1340 546 Virgilio
1361 509 1395 535 a.
1423 497 1511 537 716.
1532 511 1716 538 commen-

245 563 358 603 datus
387 568 426 603 et
453 564 595 603 amicus
623 563 746 600 factus
766 564 875 608 esset,
899 563 978 598 tam
1008 560 1264 609 imprudenter
1291 564 1330 600 et
1357 562 1505 611 ingrate
1520 575 1642 612 agere.
1672 568 1717 603 ut

244 633 436 678 potentem
464 628 651 665 fautorem
691 625 866 674 publicae
903 628 1105 672 exponeret
1143 624 1318 671 irrisioni,
1361 638 1436 663 non
1473 627 1610 675 potuit.
1640 627 1718 666 Nec

244 691 424 732 credibile
465 695 532 738 est,
577 703 660 729 eum
695 689 801 728 brevi
838 692 924 738 post
961 687 1058 727 hanc
1096 687 1390 728 ludificationem
1435 689 1649 730 Maecenati
1677 705 1716 731 se

245 756 497 795 commendari
523 768 675 805 passum
693 754 817 792 fuisse.
839 753 1060 791 Rectissime
1079 754 1196 812 igitur
1213 754 1450 793 Weichertus
1472 758 1512 802 ¹),
1536 768 1621 794 cum
1640 769 1714 805 quo

244 823 283 860 et
309 820 516 860 Kirchnero
544 823 582 859 et
610 819 775 858 Frankio
803 818 989 865 convenit,
1030 831 1097 867 per
1124 822 1310 857 aestatem
1338 832 1372 857 a.
1402 833 1439 858 u.
1470 833 1500 858 c.
1533 820 1621 859 814.
1653 821 1716 860 Ti-

243 886 397 935 gellium
424 890 616 925 mortuum
637 887 774 923 censet.
805 883 949 922 Deinde
969 884 1125 921 satiram
1143 884 1240 922 hanc
1260 885 1411 934 scripsit
1431 898 1550 935 eaque
1577 899 1716 935 aequa-

242 950 335 989 lium
364 951 467 997 vitia,
495 954 541 988 ut
568 949 769 995 adulteria,
798 949 972 994 incestos,
1003 961 1149 986 amores
1168 961 1372 998 puerorum
1387 950 1715 990 vehementissime

243 1016 426 1055 Horatius
467 1014 686 1063 exagitavit.
725 1013 802 1051 Nec
829 1017 958 1051 tamen
985 1013 1196 1052 Kirchnero
1210 1014 1243 1065 2)
1281 1017 1320 1052 et
1347 1014 1512 1053 Frankio
1523 1016 1555 1065 ³)
1598 1016 1718 1054 credi-

242 1080 372 1126 derim,
402 1079 467 1129 qui
494 1082 671 1117 statuunt
696 1081 830 1127 poetae
858 1077 947 1116 anni
973 1078 1171 1116 minimum
1200 1079 1324 1128 spatio
1352 1091 1447 1128 opus
1474 1079 1601 1127 fuisse,
1621 1084 1667 1119 ut
1694 1093 1714 1119 e

242 1144 346 1189 bello
373 1143 603 1193 Philippensi
643 1143 765 1181 redux
801 1155 928 1180 reru-m
957 1146 996 1181 et
1032 1142 1228 1181 hominum
1270 1143 1310 1181 in
1346 1143 1443 1181 urbe
1480 1144 1715 1183 conditiones

242 1211 491 1258 pernosceret.
521 1207 663 1245 Romae
691 1207 791 1244 enim
819 1206 1002 1244 educatus
1031 1210 1124 1251 erat,
1169 1210 1207 1244 et
1235 1206 1337 1244 haud
1374 1207 1430 1245 ita
1466 1208 1589 1247 multo
1623 1213 1713 1248 ante

240 1272 375 1312 urbem
393 1272 610 1322 reliquerat.
642 1271 785 1310 Tamen
811 1271 916 1309 ultra
935 1283 967 1309 a.
997 1271 1081 1309 714.
1110 1270 1207 1309 hanc
1236 1271 1394 1310 satiram
1421 1272 1588 1322 proferre
1608 1277 1711 1313 veta·

248 1349 344 1382 mur,
384 1337 474 1386 quia
518 1336 641 1385 prima
682 1335 847 1373 omnium
885 1334 959 1373 fuit
994 1334 1061 1373 lib.
1091 1335 1120 1373 I.
1152 1335 1231 1373 Sat.
1263 1336 1310 1382 7.‚
1341 1339 1385 1374 ut
1421 1348 1489 1375 suo
1517 1336 1600 1376 loco
1630 1351 1713 1376 sum

242 1400 486 1451 probaturus.
530 1400 583 1439 Et
612 1400 643 1439 si
670 1400 790 1439 totius
820 1399 971 1449 eclogae
989 1399 1102 1450 hujus
1130 1399 1307 1438 habitum
1335 1401 1641 1445 consideraveris,
1680 1403 1712 1441 si

241 1467 442 1504 materiam
470 1468 586 1514 atque
615 1465 747 1503 silvam
773 1465 996 1513 respexeris,
1039 1465 1078 1502 in
1106 1477 1151 1502 ea
1191 1465 1423 1514 congerenda
1463 1470 1579 1515 atque
1613 1467 1714 1505 ordi-

241 1529 366 1568 nanda
392 1529 591 1568 Luciliano
610 1529 688 1567 ritu
707 1528 890 1567 audacter
918 1529 1039 1578 egisse
1066 1532 1217 1578 poetam
1238 1528 1451 1568 confitearis
1472 1534 1532 1569 est
1549 1543 1710 1578 necesse,

241 1607 400 1644 eumque
426 1594 551 1643 ipsum
580 1593 833 1632 Triumvirum
860 1597 1052 1642 potentem
1080 1593 1232 1642 oblique
1260 1606 1424 1644 carpere,
1454 1595 1493 1632 in
1512 1596 1653 1634 amicos
1672 1600 1712 1634 et

240 1659 279 1696 in
307 1658 471 1697 asseclas
498 1670 586 1696 vero
614 1658 850 1704 nominatim,
867 1661 911 1696 ut
938 1657 977 1694 in
997 1656 1232 1704 Sallustium,
1264 1657 1511 1707 Cupiennium
1527 1658 1712 1698 Libonem

241 1724 280 1760 in
307 1723 476 1771 aliosque
502 1723 604 1760 viros
631 1723 813 1760 tenuioris
842 1722 983 1760 ordinis
1010 1724 1199 1760 invectum
1229 1734 1310 1760 esse
1338 1723 1514 1761 invenies.
1557 1723 1601 1761 In
1629 1724 1711 1773 qui-

241 1787 313 1826 bus
340 1787 443 1826 vitiis
471 1786 727 1826 describendis
756 1800 839 1826 cum
867 1800 1038 1826 sermone
1065 1787 1166 1826 vitae
1193 1786 1435 1837 quotidianae
1463 1788 1638 1829 sordibus
1656 1789 1712 1829 in-

191 1885 196 1890 .
240 1854 396 1902 quinato
424 1866 485 1891 res
511 1857 646 1902 turpes
674 1856 712 1891 et
739 1853 868 1891 foedas
895 1853 1165 1902 proposuisset,
1191 1853 1349 1902 juvenili
1376 1854 1592 1902 petulantia
1619 1867 1711 1904 qua—

240 1917 327 1956 dam
355 1920 393 1955 et
420 1917 564 1967 impetu
591 1917 793 1956 Horatium
822 1917 980 1956 satiram
1017 1917 1211 1967 scripsisse
1246 1918 1332 1967 jure
1359 1921 1490 1957 nostro
1530 1918 1708 1959 dicemus.

240 1982 385 2028 Quibus
412 1982 642 2031 argumentis
669 1986 861 2031 permotus
890 1986 929 2021 et
957 1982 1250 2021 Walckenaerus
1263 1984 1295 2033 ⁴)
1319 1983 1525 2032 judicavit:

348 2050 364 2067 “
383 2046 433 2084 Ce
451 2050 538 2084 sont
564 2050 650 2084 tous
677 2047 733 2083 les
759 2048 869 2092 vices,
899 2050 986 2084 tous
1010 2047 1065 2083 les
1092 2051 1239 2084 travers
1268 2046 1362 2083 dont
1390 2046 1539 2084 Horace
1558 2047 1618 2085 fut
1645 2048 1702 2085 te-

240 2111 342 2149 moin
389 2109 453 2160 qui
499 2109 706 2148 exciterent
748 2122 790 2148 sa
826 2123 935 2149 verve
969 2110 1151 2159 satirique
1188 2113 1227 2148 et
1268 2109 1322 2148 lui
1361 2109 1473 2149 firent
1511 2110 1630 2150 ecrire
1667 2125 1710 2151 sa

239 2175 398 2213 seconde
436 2176 551 2212 satire
588 2175 638 2212 du
683 2174 776 2212 livre
803 2176 974 2223 premier.
996 2205 1011 2219 „
1045 2187 1202 2224 eamque
1238 2187 1271 2212 a.
1302 2176 1441 2213 aetatis
1469 2179 1604 2225 poetae
1632 2177 1706 2215 25..

239 2237 344 2277 urbis
373 2239 461 2277 714.
491 2239 710 2289 assignavit.

347 2478 353 2494 ¹
413 2500 419 2506 .
444 2477 515 2507 300.

341 2476 365 2570 ²3
386 2484 435 2561 ge
459 2529 524 2561 Sat.
546 2531 679 2572 primae,
703 2541 765 2564 sec.
789 2536 821 2564 et
843 2532 958 2565 tertiae
981 2532 1092 2573 Temp.

342 2585 364 2624 ³)
388 2583 477 2616 Fasti
499 2584 576 2616 Hor.
599 2595 630 2626 p.
654 2588 704 2618 89.

343 2638 364 2678 ⁴)
386 2637 460 2678 Pag.
486 2639 555 2669 115.
