2012 2917
893 145 1100 184 -28—

249 256 477 310 ἐνετύγχανε
504 257 629 298 πολλὰ
656 258 897 311 ποτνιωμένη
922 260 989 300 καὶ
1015 259 1140 300 πολλὰ
1167 259 1331 313 δεομένη
1342 261 1393 313 μὴ
1405 263 1593 312 περιιδεῖν
1613 260 1738 315 αὐτὴν

251 318 293 359 ἐκ
318 318 613 371 μακαριωτάτης
639 319 825 371 γυναικὸς
852 318 1097 372 ἀθλιωτάτην
1122 321 1355 373 γενομένην.
1395 325 1472 363 νῦν
1497 323 1567 375 μέν
1592 317 1674 377 γὰρ’
1697 322 1739 363 ἅ-

248 395 398 429 παντας
426 380 664 434 ἀνθρώπους
692 383 745 430 εἰς
772 380 896 433 αὐτὴν
922 381 1156 434 ἀποβλέπειν
1183 382 1486 434 αὐτοκρατόρων
1518 388 1633 427 δυοῖν
1665 391 1738 435 τοῦ

251 443 500 494 μὲνγυναῖκα
526 445 600 482 τοῦ
628 443 670 482 δὲ
698 440 877 494 ἀδελφὴν
901 438 1037 483 οὖσαν.
1058 446 1126 483 “εί
1144 444 1187 484 δὲ
1199 444 1247 484 τὰ
1259 446 1375 496 χείρω
1387 445 1646 498 κρατήσειεν”
1661 448 1735 501 ἔφη

252 505 353 545 “καὶ
378 503 529 556 γένοιτο
555 502 733 556 πόλεμος,
761 502 873 556 ὑμῶν
898 504 969 556 μὲν
995 504 1142 557 ἄδηλον
1169 504 1245 559 ὅτῳ
1272 511 1428 558 κρατεῖν
1457 505 1481 560 ἢ
1508 513 1738 559 κρατεῖσθαι

248 567 458 618 πέπρωται,
486 565 534 605 τὰ
548 565 618 617 ἐμὰ
632 565 666 605 δ’
675 564 904 617 ἀμφοτέρως
918 566 1085 607 ἅθλια”.
1112 567 1264 614 τούτοις
1288 569 1530 616 ἐπικλασθεὶς
1544 568 1566 609 ὁ
1579 574 1735 624 Καῖσαρ

245 622 340 681 ἧκεν
367 629 563 680 εἰρηνικῶς
591 628 644 675 εἰς
661 626 855 679 Τάραντα,
883 628 949 670 καὶ
974 627 1103 680 θέαμα
1141 628 1346 670 κάλλιστον
1373 632 1411 671 οἱ
1435 629 1626 683 παρόντες
1649 633 1731 675 ἐθε-

247 694 359 741 ῶντο,
386 690 512 731 πολὺν
538 690 608 741 μὲν
635 690 676 731 ἐκ
701 693 771 742 γῆς
788 690 954 742 στρατὸν
971 689 1223 743 ἡσυχάζοντα,
1251 691 1396 741 πολλὰς
1410 694 1453 734 δὲ
1464 697 1562 742 ναῦς
1589 694 1734 749 ἀτρέμα

246 752 346 802 πρὸς
371 756 453 798 τοῖς
480 753 670 801 αἰγιαλοῖς
698 751 871 802 ἐχούσας,
913 750 1061 807 αύτῶνῆ
1082 752 1124 791 δὲ
1150 753 1216 791 καὶ
1242 755 1368 803 φίλων
1408 752 1638 806 ἀπαντήσεις
1668 759 1734 797 καὶ

247 811 567 865 φιλοφροσύνας.
596 813 715 852 εἱστία
743 810 778 853 δ’
791 811 996 861 Ἀντώνιος
1022 812 1222 865 πρότερος,
1256 814 1322 854 καὶ
1347 816 1463 856 τοῦτο
1501 818 1548 870 τῇ
1582 815 1733 873 ἀδελφῇ

246 877 448 925 Καίσαρος
475 874 634 920 δόντος.
664 875 745 913 ἐπεὶ
772 872 1041 925 δ’ὦμολόγητο
1070 877 1253 925 Καίσαρα
1271 876 1341 926 μὲν
1364 875 1556 928 Ἀντωνίῳ
1595 881 1733 919 δοῦναι

245 934 318 976 δύο
344 935 519 987 τάγματα
546 934 644 987 πρὸς
670 934 740 975 τὸν
769 934 979 986 Παρθικὸν
1017 934 1206 987 πόλεμον,
1241 934 1445 977 ’Λντώνιον
1482 938 1525 978 δὲ
1564 941 1734 993 Καίσαρι

243 998 529 1050 χαλκεμβόλους
557 996 706 1046 ἑκατὸν,
730 996 938 1037 Ὀκταουία
964 1001 1041 1037 τῶν
1069 996 1374 1057 ὡμολογημένων
1410 1001 1527 1051 χωρὶς
1563 1001 1731 1054 ᾐτήσατο

242 1062 296 1114 τῷ
321 1057 580 1113 μὲνάδελφῷ
606 1058 714 1111 παρὰ
741 1062 812 1099 τοῦ
840 1057 986 1110 ἀνδρὸς
1014 1061 1135 1100 εἴκοσι
1161 1059 1437 1113 μυοπάρωνας,
1478 1064 1531 1117 τῷ
1567 1061 1732 1117 δ’ἀνδρὶ

241 1122 349 1173 παρὰ
375 1126 447 1162 τοῦ
475 1121 652 1173 ἀδελφοῦ
681 1121 914 1173 στρατιώτας
940 1124 1086 1173 χιλίους
1101 1134 1109 1142 ·
1138 1121 1241 1162 οὕτω
1267 1122 1305 1162 δ’
1322 1121 1498 1175 ἀλλήλων
1512 1126 1729 1177 διακριθέν-

240 1198 302 1231 τες
330 1182 352 1223 ὁ
379 1183 449 1234 μὲν
477 1180 604 1230 εὐθὺς
632 1185 752 1234 εἴχετο
779 1185 850 1222 τοῦ
877 1182 976 1233 πρὸς
991 1183 1196 1235 Πομπήιον
1219 1183 1401 1235 πολέμου,
1426 1188 1608 1234 Σικελίας
1633 1187 1731 1239 ἐφιέ-

240 1259 369 1296 μενος,
394 1244 598 1292 Ἀντώνιος
636 1243 672 1283 δ’
686 1243 919 1283 Ὀκταουίαν
958 1243 1052 1295 μετὰ
1091 1247 1168 1284 τῶν
1195 1245 1233 1292 :eg
1274 1245 1418 1296 ἐκείνης
1456 1247 1522 1286 καὶ
1559 1247 1652 1295 τοὺς
1690 1249 1730 1289 ἐκ

244 1308 467 1355 Φουλουίας
480 1308 623 1354 παῖδας
636 1304 742 1362 αὐτῷ
753 1305 1124 1358 παρακαταθέμενος
1149 1308 1202 1354 εἰς
1225 1305 1295 1358 τὴν
1318 1304 1450 1348 Ἀσίαν
1477 1306 1728 1361 ἀπεπέρασεν.

347 1413 579 1453 Plutarchus
607 1413 727 1462 igitur
754 1413 936 1462 quoniam
978 1412 1212 1451 Maecenatis
1243 1413 1473 1452 mentionem
1509 1413 1612 1463 facit,
1642 1420 1726 1456 tum

239 1480 325 1519 aliis
353 1479 400 1517 de
428 1478 553 1517 causis
580 1477 811 1527 legationem
838 1477 958 1524 illam,
988 1477 1027 1515 in
1055 1490 1132 1527 qua
1159 1476 1346 1516 Horatius
1374 1478 1636 1519 Maecenatem
1665 1486 1724 1521 est

239 1543 458 1590 comitatus,
487 1543 527 1581 in
554 1541 650 1581 illud
677 1542 802 1592 ipsum
830 1545 981 1591 tempus
1008 1542 1186 1581 incidisse
1220 1541 1332 1581 facile
1367 1543 1563 1583 evincitur.
1602 1545 1725 1585 Hora-

237 1608 337 1646 tium
365 1607 467 1646 enim
493 1609 539 1644 ut
561 1606 644 1655 jam
673 1606 763 1652 dixi,
807 1618 894 1644 vere
931 1606 1022 1643 anni
1061 1606 1146 1643 715.
1176 1606 1344 1654 Vergilio
1379 1606 1571 1657 Varioque
1608 1609 1725 1648 inter-

237 1670 465 1710 cedentibus
506 1669 610 1719 apud
648 1669 908 1708 Maecenatem
949 1668 1213 1708 introductum
1252 1672 1291 1708 et
1329 1673 1416 1719 post
1444 1670 1484 1709 in
1521 1672 1603 1722 ejus
1630 1674 1724 1711 ami-

237 1736 368 1774 citiam
395 1738 592 1783 receptum
621 1746 702 1772 esse
731 1734 882 1772 scimus.
912 1733 1024 1771 Unde
1052 1734 1126 1771 iter
1154 1734 1252 1771 illud
1279 1734 1319 1771 in
1347 1734 1581 1774 Maecenatis
1609 1738 1723 1775 comi·-

236 1802 324 1837 tatu
366 1797 438 1837 sub
481 1797 578 1836 illud
618 1801 770 1847 tempus
808 1809 894 1835 eum
937 1796 1061 1835 facere
1103 1796 1275 1846 potuisse
1303 1801 1474 1846 apparet.
1523 1798 1577 1837 Et
1604 1800 1723 1839 satira

236 1863 438 1912 diligenter
466 1862 635 1911 perlecta
663 1862 790 1900 omnia
809 1861 960 1910 egregie
980 1861 1177 1900 convenire
1205 1860 1254 1899 ad
1283 1861 1496 1900 Maecenati
1524 1866 1562 1901 et
1578 1862 1724 1914 Cocceji

235 1927 465 1975 legationem
494 1925 546 1963 ad
573 1925 782 1963 Antonium
811 1928 1028 1974 susceptam
1056 1924 1234 1963 invenies.
1264 1924 1315 1962 Hi
1334 1925 1433 1962 enim
1469 1930 1579 1964 erant
1615 1939 1722 1966 aver-

236 2003 299 2030 sos
327 1990 432 2029 soliti
459 2001 684 2040 componere
712 1989 866 2037 amicos,
898 1992 941 2028 ut
969 1988 1024 2028 ait
1052 1988 1239 2027 Horatius
1260 1990 1301 2039 ¹).
1331 1989 1491 2028 Accedit
1517 1992 1722 2030 necessitas

235 2054 439 2105 legationis
467 2066 491 2093 a
512 2053 686 2093 Caesaris
713 2056 825 2104 parte
843 2053 893 2092 ad
912 2053 1123 2092 Antonium
1137 2052 1347 2092 mittendae
1361 2054 1414 2104 Ω);
1440 2053 1602 2104 denique
1620 2055 1723 2105 quod

234 2132 335 2158 anno
362 2122 515 2158 tantum
545 2119 648 2167 717„
665 2131 741 2169 quo
769 2118 884 2157 Italia
912 2117 1103 2156 militibus
1130 2130 1252 2157 vacua
1280 2120 1372 2165 erat,
1401 2118 1476 2156 iter
1493 2119 1621 2168 potuit
1639 2132 1721 2159 esse

232 2183 290 2222 ita
316 2186 509 2233 pacatum,
540 2183 653 2232 quale
694 2182 768 2220 fuit
802 2182 1072 2221 Horatianum.
1120 2181 1208 2220 Noli
1253 2185 1384 2220 autem
1411 2181 1451 2219 in
1480 2193 1524 2221 eo
1551 2181 1717 2232 haerere,

232 2247 336 2297 quod
364 2247 551 2286 Horatius
578 2247 652 2285 iter
679 2259 802 2297 usque
830 2246 881 2285 ad
908 2246 1158 2285 Brundisium
1197 2248 1351 2284 tantum
1386 2245 1597 2296 descripsit.
1637 2247 1719 2286 Hoc

231 2311 332 2350 enim
361 2313 516 2349 tantum
544 2310 619 2349 sibi
646 2314 908 2361 proposuerat,
937 2314 977 2349 et
1004 2310 1199 2349 Brundisii
1226 2310 1380 2357 mansit,
1412 2321 1497 2348 cum
1525 2310 1643 2359 legati
1671 2311 1720 2350 ad

230 2374 440 2414 Antonium
467 2386 588 2426 usque
608 2374 819 2415 Tarentum
839 2377 966 2415 essent
985 2373 1153 2426 profecti.
1183 2372 1257 2413 Sed
1285 2373 1357 2414 hoc
1384 2373 1424 2413 in
1451 2373 1576 2414 medio
1604 2374 1719 2414 relin-

339 2529 353 2546 ¹‘
383 2526 421 2558 V.
446 2528 496 2559 29.

334 2534 358 2622 ²3
382 2580 419 2614 V.
443 2582 511 2613 28.:
537 2599 577 2604 —
601 2580 691 2614 missi
714 2581 839 2623 magnis
862 2581 902 2615 de
926 2581 1022 2615 rebus
1045 2584 1180 2625 uterque
1203 2582 1328 2624 Legati.
