2012 2917
891 130 1136 185 ’-14-

283 261 469 311 postulat,
499 265 545 300 ut
572 265 661 312 post
687 274 844 309 annum,
875 275 951 311 quo
978 263 1018 301 in
1055 264 1289 302 Maecenatis
1325 263 1629 303 familiaritatem
1669 264 1773 303 venit

284 325 483 371 Horatius,
514 325 700 374 scriptam
730 325 898 363 Satiram
926 329 1114 374 putemus.
1154 327 1293 365 Restat
1329 328 1460 375 igitur,
1490 331 1535 365 ut
1562 328 1603 366 in
1629 340 1771 366 annum

285 388 386 426 hunc
410 388 658 437 inquiramus,
688 401 764 437 quo
792 388 947 437 quidem
976 389 1188 428 constituto
1229 390 1347 427 etiam
1385 389 1433 427 de
1470 390 1584 440 hujus
1626 389 1776 429 Satirae

284 455 455 500 tempore
483 451 748 501 probabiliora
776 452 967 500 quaedam
994 452 1120 491 dicere
1147 452 1290 491 licebit.

398 514 519 559 Quem
538 527 680 552 annum
707 514 820 553 nobis
848 515 1034 553 Horatius
1061 515 1143 564 ipse
1166 515 1207 553 in
1233 515 1318 553 Lib.
1349 515 1396 553 Π.
1442 514 1522 554 Sat.
1554 513 1589 554 6.
1620 527 1776 555 accura-

285 578 365 618 tius
392 577 525 617 definit
553 591 666 618 versu
695 579 773 617 40:

519 711 535 727 “
561 705 751 756 Septimus
780 710 904 745 octavo
926 707 1085 756 propior
1105 707 1191 757 jam
1217 708 1355 758 fugerit
1383 720 1516 755 awaus,

563 772 626 809 Ex
653 784 723 819 qao
753 771 957 810 Maecenas
987 784 1044 809 me
1072 773 1190 819 coepit
1216 771 1348 809 habere
1375 784 1528 810 suorum

560 834 608 872 In
636 846 788 873 numero
807 863 1012 879 .......

285 961 342 1000 Ne
370 962 651 1001 dissertationis
680 962 851 1000 ordinem
879 962 1044 1000 turbare
1072 962 1214 1009 videar,
1255 963 1416 1001 satiram
1444 962 1550 1000 illam
1593 966 1679 1012 post
1706 976 1775 1012 pu-

285 1037 398 1073 gnam
427 1025 626 1063 Actiacam
654 1026 758 1063 circa
776 1025 888 1063 finem
921 1026 1008 1063 723.
1040 1039 1077 1063 u.
1108 1039 1139 1063 e.
1171 1027 1422 1074 compositam
1438 1038 1530 1071 esse,
1548 1029 1775 1074 argumenta

286 1088 363 1126 alio
378 1088 461 1126 loco
480 1088 683 1136 allaturus,
703 1101 772 1137 pro
787 1091 982 1137 comperto
1002 1101 1112 1137 pono.
1142 1088 1182 1127 Si
1197 1089 1317 1137 igitur
1345 1092 1491 1137 septem
1516 1101 1635 1127 annos
1658 1102 1775 1138 prope

285 1151 436 1201 elapsos
465 1151 515 1190 ab
546 1165 578 1190 a.
610 1153 698 1190 723.
728 1155 890 1190 exeunte
927 1155 1030 1190 retro
1056 1165 1313 1199 numeramus,
1345 1153 1548 1191 incidimus
1587 1153 1626 1190 in
1662 1152 1775 1191 finem

285 1228 319 1253 a.
353 1216 441 1254 716.
473 1219 541 1253 aut
571 1216 659 1253 717.
690 1215 852 1253 initium.
884 1216 963 1253 Nec
990 1219 1131 1262 tamen,
1161 1219 1205 1253 ut
1234 1216 1353 1253 Poeta
1372 1216 1400 1253 I.
1432 1217 1467 1254 6.
1486 1216 1548 1253 57.
1580 1228 1656 1265 seq.
1687 1228 1773 1254 sua-

258 1279 437 1318 .vissime
474 1279 664 1328 exposuit,
709 1279 841 1316 statim
880 1279 1094 1325 Maecenas,
1138 1280 1277 1328 quippe
1315 1280 1355 1316 in
1392 1279 1604 1327 deligendis
1642 1279 1774 1317 amicis

286 1343 438 1381 omnino
467 1343 626 1389 cautior,
658 1342 708 1380 ad
736 1343 959 1380 interiorem
985 1343 1290 1380 familiaritatem
1318 1343 1444 1391 ipsum
1471 1342 1638 1380 admisit.
1721 1393 1723 1395 Ι

395 1405 544 1451 Quibus
572 1405 769 1454 expositis,
799 1409 843 1443 ut
872 1405 1088 1444 Teuffelum
1116 1419 1140 1444 a
1167 1419 1255 1444 vero
1270 1405 1471 1444 aberrasse
1491 1409 1687 1455 appareat,
1708 1407 1774 1456 qui

286 1469 457 1518 eclogam
485 1470 583 1507 hanc
624 1473 715 1507 ante
752 1469 819 1506 lib.
852 1470 880 1506 Ι.
912 1471 948 1506 4.
982 1470 1069 1507 715.
1101 1473 1299 1507 exaratam
1328 1482 1409 1507 esse
1437 1469 1602 1517 probare
1632 1470 1682 1507 sit
1710 1482 1771 1507 co-

286 1536 411 1578 natus,
462 1532 627 1570 effecisse
669 1536 774 1581 puto.
814 1532 954 1570 Versus
984 1533 1083 1570 enim
1125 1533 1270 1581 plimus
1321 1532 1541 1570 interiorem
1583 1532 1773 1581 quandam

288 1596 496 1634 amicitiam
527 1596 687 1645 prodere
712 1595 804 1633 mihi
833 1596 889 1634 ita
917 1599 976 1634 est
1004 1609 1238 1645 persuasum,
1266 1599 1310 1634 ut
1339 1596 1502 1634 miratus
1522 1596 1605 1643 sim,
1636 1596 1682 1635 de
1701 1596 1773 1634 hac

285 1673 326 1698 re
354 1659 533 1698 dubitare
561 1660 731 1709 potuisse
760 1659 970 1698 Teuffelum
996 1662 1037 1709 ¹),
1067 1665 1106 1699 et
1134 1661 1259 1709 ipsum
1280 1660 1557 1709 disputationis
1578 1673 1669 1698 suae
1687 1660 1772 1699 fun-

286 1724 510 1763 damentum
538 1724 645 1761 falsis
675 1723 928 1772 opinionibus,
963 1724 1055 1773 quin
1083 1723 1375 1762 incredibilibus
1405 1724 1630 1762 commentis
1659 1724 1771 1762 inniti

286 1788 379 1826 mihi
407 1788 595 1826 videatur.
627 1788 732 1832 Quae
760 1787 860 1825 enim
888 1787 936 1825 de
964 1788 1192 1836 lippitudine
1231 1787 1395 1835 Crispini
1433 1788 1556 1833 docet,
1602 1801 1678 1825 non
1705 1800 1771 1836 po-

287 1851 407 1889 tuisse
435 1850 484 1888 ab
519 1851 681 1889 Horatio
721 1850 849 1895 rideri,
890 1851 922 1887 si
962 1851 1043 1898 ipse
1076 1852 1158 1899 jam
1185 1850 1311 1898 lippus
1340 1849 1485 1896 fuisset,
1513 1850 1656 1888 nullius
1684 1853 1774 1888 sunt

291 1914 474 1952 momenti
503 1913 552 1951 ad
580 1913 812 1951 sententiam
842 1926 949 1951 suam
977 1913 1224 1962 probandam.
1256 1912 1349 1958 Quis
1377 1913 1475 1951 enim
1504 1913 1625 1952 nescit
1651 1913 1773 1952 Hora-

284 1978 379 2016 tiom
408 1978 525 2015 etiam
553 1990 641 2016 suos
670 1990 808 2015 naevos
828 1990 1010 2026 perquam
1030 1978 1192 2026 ingenue
1224 1977 1423 2025 tetigisse?
1451 1976 1659 2015 Profitetur
1673 1978 1773 2015 enim

287 2041 447 2080 ridendo
476 2041 602 2079 dicere
629 2054 772 2088 verum,
803 2041 963 2090 ideoque
992 2054 1140 2079 summa
1181 2053 1268 2079 cum
1310 2043 1510 2078 venustate
1537 2040 1639 2078 ridet
1666 2040 1770 2086 vitia,

285 2117 360 2144 non
389 2104 652 2143 debacchatur
680 2105 718 2142 in
748 2105 826 2142 illa.
857 2105 974 2143 Recte
1002 2105 1120 2154 igitur
1147 2103 1446 2142 Walckenaerus
1465 2102 1559 2141 haec
1578 2103 1772 2153 scripsisse

285 2169 378 2208 mihi
416 2169 591 2209 videtur:
642 2174 658 2191 “
683 2169 819 2215 Quand
848 2182 942 2208 ceux
971 2182 1044 2218 que
1082 2171 1193 2208 notre
1226 2171 1338 2217 poete
1365 2167 1513 2207 voulait
1550 2167 1767 2206 ridiculiser

289 2263 305 2279 „
338 2234 489 2271 avaient
517 2233 583 2271 des
606 2246 704 2282 yeux
723 2233 934 2279 chassieux,
962 2233 990 2270 il
1009 2245 1056 2270 ne
1081 2232 1280 2280 manquait
1297 2231 1438 2280 jamais
1456 2230 1643 2280 d'ajouter
1670 2233 1772 2269 cette

290 2325 305 2341 „
339 2286 545 2335 difformite
573 2299 597 2334 a
625 2299 715 2334 tous
743 2296 799 2334 les
827 2299 958 2334 autres
986 2295 1137 2333 defauts
1165 2295 1260 2333 dont
1287 2294 1315 2331 il
1343 2294 1398 2332 les
1446 2293 1642 2342 gratifiait,
1674 2297 1713 2332 et
1739 2294 1767 2332 il

290 2388 305 2406 „
339 2359 483 2398 semble
511 2360 573 2409 qu'
595 2359 623 2397 il
650 2372 698 2398 ne
726 2359 864 2398 veuille
892 2360 1001 2408 point
1028 2360 1164 2397 laisser
1192 2358 1380 2406 echapper
1408 2370 1481 2396 une
1519 2358 1694 2396 occasion
1722 2357 1769 2395 de

289 2453 304 2469 ,.
338 2423 515 2473 rappeler
543 2424 606 2473 qu’
633 2423 661 2461 il
689 2423 794 2463 avait
822 2423 903 2462 cela
931 2423 976 2461 de
1007 2436 1183 2462 commun
1211 2434 1300 2461 avec
1329 2434 1423 2460 ceux
1452 2421 1547 2460 dont
1574 2421 1603 2459 il
1630 2421 1702 2459 fait
1729 2420 1768 2458 la

394 2580 413 2620 ¹)
437 2578 586 2611 Museum
609 2577 661 2610 fur
683 2577 763 2609 Phil.
787 2579 816 2609 4.
840 2578 869 2610 J.
893 2587 923 2619 p.
950 2579 1021 2611 101.
