2012 2917
899 181 948 187 -
979 159 1002 196 8
1033 181 1082 186 -

242 272 474 324 extitissent,
503 271 650 310 bellum
685 275 909 321 paraturus,
938 275 1058 322 atque
1093 284 1183 311 cum
1215 272 1314 321 alios
1349 273 1511 323 juvenes
1546 274 1739 314 Romam

237 332 461 371 litterarum
506 344 625 371 causa
669 333 727 371 ibi
766 337 1050 371 commorantes
1063 362 1074 380 ‚
1125 336 1213 372 tum
1260 333 1470 374 Horatium
1509 335 1563 376 ad
1605 339 1738 387 partes

242 409 334 435 suas
362 396 567 446 pertraxit.
596 396 669 435 Cui
701 396 888 436 Horatius
929 396 1027 436 adeo
1061 396 1250 447 probatus
1289 400 1360 444 est,
1401 401 1449 437 ut
1488 398 1627 440 statim
1665 399 1737 439 tri·

239 459 366 496 bunus
394 460 446 496 sit
468 459 607 496 factus.
638 459 799 497 Secutus
827 460 948 507 igitur
975 463 1036 497 est
1059 460 1228 498 Brutum
1253 460 1296 498 in
1314 459 1596 508 Macedoniam,
1624 461 1733 500 dein-

241 522 290 561 de
319 535 408 560 cum
437 535 481 560 eo
515 522 558 560 in
593 521 727 561 Asiam
759 521 926 571 trajecit,
967 525 1013 561 ut
1049 521 1164 561 facile
1191 526 1357 573 apparet
1383 535 1431 563 ex
1456 523 1582 574 Epist.
1611 523 1644 563 Ι.
1675 524 1737 563 11.

241 586 278 623 6.
309 589 349 623 et
381 586 462 623 Sat.
491 586 522 622 Ι.
566 585 602 622 7.
644 585 863 633 meruitque
908 585 1104 633 stipendia
1142 597 1266 635 usque
1311 586 1363 624 ad
1391 598 1564 636 pugnam
1589 586 1736 636 Philip-

241 661 411 698 pensem,
442 660 543 697 quae
562 650 727 686 exeunte
749 660 849 685 anno
878 647 980 695 712„
1009 648 1151 686 aetatis
1170 648 1253 698 ejus
1271 648 1452 687 vicesimo
1467 652 1618 699 quarto,
1635 662 1738 689 com-

242 712 362 749 missa
390 714 460 749 est.
490 709 661 748 Devictis
684 710 735 748 ab
762 711 931 749 Antonio
946 714 986 749 et
999 711 1212 750 Octaviano
1223 711 1338 749 Bruti
1353 713 1394 750 et
1410 711 1534 750 Cassii
1548 706 1737 761 partibus,

240 774 428 813 Horatius
450 774 491 812 in
510 773 604 823 fuga
621 773 791 812 salutem
804 774 1006 823 quaesivit,
1023 774 1065 812 in
1083 774 1241 813 Italiam
1259 777 1299 813 et
1307 774 1465 824 quidem
1478 774 1692 814 Venusiam
1707 776 1738 826 ¹)

241 837 437 887 profectus
467 839 527 875 est
541 839 582 874 et
595 840 732 885 postea
759 848 784 874 a
808 836 1037 875 Triumviris
1067 837 1222 875 veniam
1243 837 1479 887 impetravit.
1510 837 1628 876 Pater
1654 838 1738 887 ejus

243 913 331 939 cum
353 900 505 938 interea
515 899 675 937 obiisset
689 903 808 948 atque
825 900 1107 949 proscriptione
1125 899 1245 939 fundo
1258 903 1422 950 paterno
1434 900 1622 939 Horatius
1636 903 1739 940 esset

244 964 421 1012 privatus
441 963 485 1010 ⁹),
516 963 704 1011 scriptum
732 963 1008 1011 quaestorium,
1025 975 1101 1011 quo
1128 963 1250 1000 vitam
1277 954 1525 1010 sustentaret,
1542 962 1617 1001 sibi
1634 974 1738 1002 com-

243 1026 400 1075 paravit
416 1025 459 1074 ³).
489 1025 589 1063 Tum
615 1024 747 1074 igitur,
777 1027 822 1063 ut
839 1024 923 1074 ipse
940 1025 1007 1072 ait,
1024 1028 1235 1075 paupertas
1256 1037 1345 1063 eum
1358 1025 1515 1075 impulit
1533 1025 1673 1073 audax,
1691 1029 1739 1065 ut

242 1092 376 1127 versus
403 1088 562 1126 faceret.
593 1088 715 1134 Quem
728 1088 761 1137 ⁴)
778 1088 906 1126 locum
934 1089 1033 1126 varii
1059 1089 1166 1126 varie
1192 1078 1284 1127 sunt
1311 1089 1572 1138 interpretati,
1593 1089 1662 1128 sed
1692 1092 1740 1128 ut

244 1151 484 1201 reliquorum
512 1151 693 1189 omittam
706 1151 866 1200 judicia,
886 1151 1136 1198 Kirchnerus‚
1157 1163 1273 1200 quem
1286 1150 1479 1189 Frankius
1496 1154 1652 1190 secutus
1666 1154 1736 1199 est,

243 1226 316 1253 acu
358 1227 442 1253 rem
483 1214 660 1262 tetigisse
700 1214 798 1252 mihi
824 1214 989 1261 videtur,
1028 1227 1116 1252 cum
1158 1217 1342 1261 censeret,
1385 1217 1542 1263 poetam
1574 1214 1738 1264 juvenili

243 1276 396 1314 fervore
418 1276 503 1325 jam
531 1276 582 1313 ad
618 1288 751 1313 versus
787 1275 1004 1314 fundendos
1039 1288 1292 1325 propensum,
1331 1276 1489 1325 jactura
1523 1276 1736 1325 dignitatis,

242 1339 439 1377 libertatis
466 1339 600 1388 reique
626 1338 832 1377 familiaris
872 1338 923 1377 ad
964 1351 1051 1377 eam
1091 1339 1357 1377 morositatem
1394 1342 1434 1377 et
1469 1338 1618 1378 rabiem
1655 1351 1738 1378 esse

244 1402 487 1451 compulsum
501 1431 511 1448 ‚
555 1405 601 1439 ut
645 1413 778 1440 versus
819 1401 1114 1440 contumeliosos
1155 1401 1302 1440 faceret
1332 1403 1349 1428 ⁵
1362 1402 1390 1451 ).
1432 1398 1530 1441 Cum
1573 1402 1616 1440 in
1656 1401 1738 1441 vita

247 1466 403 1504 Horatii
430 1464 600 1503 breviter
628 1464 849 1503 enarranda
875 1476 921 1503 eo
947 1465 1198 1515 pervenerim,
1240 1467 1286 1503 ut
1318 1477 1408 1504 eum
1435 1476 1567 1504 versus
1593 1464 1738 1504 fudisse

246 1528 426 1576 dicerem,
455 1528 563 1567 facili
586 1527 739 1567 deferor
765 1527 890 1577 gradu
904 1527 955 1567 ad
982 1528 1120 1578 ipsam*
1135 1528 1411 1577 quaestionem,
1440 1540 1558 1578 quam
1572 1528 1621 1579 de
1634 1527 1736 1568 Sati-

245 1604 379 1631 rarum
407 1591 543 1630 ordine
571 1594 611 1630 et
635 1594 811 1641 tempore
838 1590 1119 1629 instituendam
1147 1591 1244 1629 mihi
1271 1591 1464 1641 proposui.
1512 1622 1516 1625 .

353 1780 498 1818 Versus
525 1779 682 1829 primos,
712 1790 808 1829 quos
835 1779 1046 1817 memoravi
1073 1778 1191 1817 fuisse
1218 1778 1368 1818 Satiras
1396 1782 1436 1817 et
1462 1777 1658 1829 Epodosq
1676 1779 1735 1818 in-

246 1845 308 1880 ter
335 1854 478 1888 omnes,
508 1842 576 1890 qui
604 1841 646 1879 in
672 1841 827 1879 Horatii
854 1841 1044 1890 poematis
1070 1840 1169 1879 bene
1209 1841 1352 1880 versati
1392 1844 1494 1888 sunt,
1537 1842 1733 1890 convenit3

247 1905 316 1943 sed
343 1916 459 1953 quem
486 1904 663 1952 singulae
690 1904 835 1941 satirae
861 1904 903 1941 in
930 1903 1064 1942 ordine
1102 1906 1141 1941 et
1168 1903 1267 1942 serie
1294 1904 1581 1953 compositionis
1607 1904 1735 1943 locum

246 1971 435 2017 occupent
448 1998 458 2014 ,
502 1968 645 2005 mirum
681 1967 723 2005 in
758 1970 854 2017 quot
889 1967 1103 2006 sententias
1146 1967 1362 2006 discedunt.
1405 1967 1578 2013 Quarum
1627 1967 1736 2007 nulla

247 2031 426 2080 neglecta
453 2034 571 2080 atque
600 2031 773 2068 omnium
801 2033 1119 2080 argumentorum
1147 2029 1352 2068 momentis
1392 2030 1641 2077 examinatis,
1684 2031 1735 2069 ad
1799 2042 1802 2045 ·

354 2169 377 2210 ¹)
400 2168 542 2209 Franks,
563 2167 641 2200 fast.
662 2167 742 2199 Hor.
763 2176 839 2208 pag.
864 2168 914 2199 17.

350 2221 377 2263 ¹)
399 2220 506 2261 Epist.
528 2217 569 2253 11.
593 2222 624 2253 2.
647 2222 699 2252 50.
721 2219 807 2261 App.
828 2220 861 2253 b.
883 2219 943 2253 civ.
964 2220 1020 2253 IV.
1044 2221 1075 2253 3.
1397 2256 1400 2259 ,

354 2275 378 2315 ³)
403 2274 470 2307 Sat.
492 2274 534 2305 11.
557 2275 587 2306 6.
610 2275 662 2306 36.
685 2282 753 2313 seq.
778 2291 816 2297 —
845 2272 995 2305 Ceterum
1011 2273 1191 2318 ‘Frankius,
1213 2272 1287 2305 fast.
1302 2272 1382 2305 Hor.
1403 2282 1435 2313 p.
1457 2274 1510 2305 32.
1533 2283 1565 2306 n.
1586 2275 1636 2306 14.
1661 2282 1730 2306 rem

249 2326 284 2358 in
306 2326 439 2358 dubium
460 2326 588 2358 vocavit
608 2328 788 2366 praeeunte
811 2325 976 2366 Passovio,
999 2325 1183 2358 Sanadono.
1213 2325 1278 2357 Cir.
1290 2329 1323 2358 et
1336 2325 1478 2366 Zumptii
1490 2327 1732 2359 commentatio-

248 2388 324 2413 nem
345 2379 380 2411 in
403 2378 547 2411 editione
571 2378 650 2420 Sat,
674 2387 772 2419 quam
794 2377 1004 2411 Heindorfins
1027 2381 1207 2411 curaverat.

353 2433 376 2472 ⁴)
398 2432 505 2473 Epist.
521 2432 561 2464 11.
585 2434 615 2464 2.
638 2433 690 2463 51.

353 2486 378 2527 ⁸)
400 2485 583 2526 Kirchner„
606 2488 731 2526 quaest.
754 2485 832 2517 Hor.
855 2494 928 2526 pag.
954 2486 1014 2526 15.‚
1037 2485 1157 2517 Frank.
1180 2484 1254 2517 fast.
1276 2484 1356 2518 Hor.
1378 2494 1452 2526 pag.
1477 2487 1527 2518 19.
1551 2486 1603 2517 20.

353 2540 377 2580 ⁸)
401 2539 461 2573 Od.
484 2539 508 2571 1.
534 2541 583 2571 16.
607 2540 657 2571 22.
683 2539 749 2571 Sat.
773 2538 797 2570 1.
821 2540 850 2570 4.
874 2539 926 2570 41.
