2012 2917
866 165 1077 203 -41-

239 287 274 327 a'.
304 285 391 325 718.
407 281 622 322 commissa
646 281 825 333 auspiciis
861 282 1017 334 quidem
1042 281 1254 336 Octaviani,
1284 280 1352 320 sed
1369 284 1508 321 tamen
1532 280 1600 321 illo
1627 280 1697 320 ab·

239 352 355 394 sente,
371 346 543 396 Agrippa
568 346 689 385 victor
713 346 896 394 discessit,
915 358 1040 397 neque
1066 346 1167 385 hanc
1183 346 1309 395 ipsam
1326 357 1495 395 pugnam
1519 344 1697 384 laudibus

238 414 352 461 poeta
391 408 523 450 efferre
557 410 753 459 potuisset,
780 412 856 450 nisi
880 411 1052 461 priorum
1075 409 1242 449 cladium
1270 412 1309 447 et
1334 409 1574 458 potissimum
1600 409 1701 449 Tau-

237 474 469 513 romenensis
496 475 679 512 memoria
703 478 942 524 repeteretur
975 475 1016 523 ¹).
1049 474 1174 519 Quam
1211 473 1430 522 opinionem
1470 472 1699 511 Parthorum

238 539 381 577 mentio
406 537 511 577 faeta
545 536 752 586 confirmat,
780 538 955 589 quamvis
971 535 1161 576 Frankius
1183 536 1215 586 ⁹)
1242 539 1406 583 moneat,
1426 538 1471 574 ut
1486 547 1697 583 caveamus,

238 615 286 641 ne
312 602 361 641 ob
378 601 495 641 verba
527 602 704 651 “juvenis
720 602 874 642 Parthis
893 600 1105 641 horrendus
1122 630 1140 647 ‚‚
1172 601 1219 638 de
1246 600 1487 649 expeditione
1513 599 1563 638 ab
1587 602 1701 640 Octa—

237 666 349 705 viano
376 677 411 704 a.
432 665 519 704 724.
539 668 578 704 et
605 665 692 705 725.
720 666 762 705 in
779 666 912 706 Asiam
925 667 1104 715 suscepta
1130 665 1350 714 cogitemus.

342 729 498 768 Rectius
532 729 597 768 ille
624 729 938 769 animadvertisse
967 728 1079 767 nobis
1106 728 1268 776 videtur,
1304 740 1380 767 non
1411 739 1521 777 posse
1560 728 1703 767 satirae

237 796 363 832 ortum
399 806 518 844 usque
544 793 594 832 ad
625 805 767 832 annum
795 792 884 831 726.
913 791 1083 841 proferri,
1104 804 1190 831 cum
1217 804 1293 831 non
1321 792 1372 831 sit
1399 791 1591 839 credibile,
1621 791 1701 831 Ho-

235 857 377 895 ratium
395 857 535 896 Janum
548 858 736 903 clausum,
764 855 950 905 triumphi
988 855 1293 902 celebrationem,
1312 856 1410 894 alios
1440 855 1602 894 honores
1629 855 1701 894 Oc—

235 920 388 958 taviano
412 920 504 970 ipsis
531 918 707 958 Calendis
729 918 885 957 Januar.
915 931 940 958 a
968 918 1055 957 725.
1085 918 1260 958 decretos
1286 918 1347 958 vel
1374 930 1466 957 casu
1491 918 1551 957 vel
1569 918 1617 958 de
1642 919 1700 957 in—

234 983 382 1024 dustria
407 984 582 1030 tacuisse,
610 986 651 1022 et
676 995 739 1022 res
765 982 889 1022 multo
915 983 1040 1023 minus
1075 982 1341 1023 memorabiles
1372 983 1413 1022 in
1437 983 1521 1034 ejus
1542 983 1699 1023 laudem

237 1059 565 1086 commemorasse.

342 1235 541 1275 Massonus
559 1235 705 1286 primus
729 1237 759 1287 ι)
773 1235 940 1275 rationes
955 1235 1142 1286 exposuit,
1161 1238 1317 1286 propter
1334 1248 1430 1286 quas
1446 1234 1578 1276 Satira
1595 1239 1703 1276 sexta

236 1298 325 1338 libri
352 1299 508 1339 secundi
541 1312 578 1338 a.
599 1300 684 1339 723.
703 1313 742 1339 ιι.
758 1312 790 1339 c.
819 1299 1047 1349 assignanda
1059 1303 1169 1347 esset,
1185 1312 1400 1350 omnesque,
1417 1300 1483 1350 qui
1504 1303 1638 1350 postea
1653 1300 1702 1340 de

236 1366 365 1404 aetate
376 1363 517 1402 satirae
529 1364 790 1413 quaestionem
798 1364 1059 1412 instituerunt,
1070 1367 1311 1403 accesserunt
1320 1364 1402 1414 ejus
1420 1364 1632 1404 sententiae
1644 1364 1704 1404 bis

237 1427 475 1476 potissimum
489 1426 597 1467 ducti
615 1428 859 1477 argumentis.
877 1428 1047 1467 Primum
1065 1427 1257 1467 Dacorum
1274 1428 1417 1467 mentio
1436 1442 1470 1467 v.
1492 1429 1542 1467 53
1566 1433 1584 1451 ‘⁴
1600 1429 1702 1468 Num

236 1490 328 1539 quid
355 1490 403 1528 de
429 1490 544 1529 Dacis
572 1490 714 1529 audisti
746 1520 763 1538 „
803 1490 944 1540 probat
970 1491 1129 1529 satiram
1161 1491 1277 1529 scribi
1313 1504 1391 1531 non
1417 1492 1588 1541 potuisse
1613 1496 1704 1531 ante

236 1552 347 1591 finem
374 1566 408 1591 a.
440 1554 541 1600 723.,
576 1566 652 1603 quo
679 1554 845 1603 primum
885 1554 1066 1593 Romanis
1098 1567 1184 1593 cum
1215 1555 1292 1593 illis
1324 1567 1386 1593 res
1413 1554 1497 1593 fuit.
1523 1554 1596 1593 Dio
1624 1553 1702 1604 (51.

237 1616 318 1666 22.)
354 1616 453 1655 enim
489 1616 584 1655 nihil
623 1629 765 1665 eorum,
800 1630 898 1667 quae
932 1630 1000 1667 per
1034 1618 1180 1667 legatos
1216 1631 1241 1656 a
1276 1617 1436 1657 Caesare
1461 1619 1701 1668 petivissent,

237 1679 395 1729 adeptos
420 1680 629 1719 Antonium
652 1681 796 1731 juvisse
822 1681 967 1731 illoque
993 1682 1044 1720 ad
1061 1682 1214 1721 Actium
1233 1685 1413 1732 superato
1435 1681 1516 1731 jam
1530 1687 1703 1722 *exeunte

234 1756 269 1782 a.
299 1744 388 1782 723.
416 1747 545 1783 motus
571 1744 706 1784 civisse
734 1748 912 1784 testatur.
940 1745 1003 1784 Ita
1028 1745 1219 1785 Frankius
1236 1747 1269 1796 ςΙ)
1296 1745 1536 1795 intelligitur,
1562 1746 1700 1797 inquit,

237 1808 405 1846 curiosos
432 1807 604 1847 homines
630 1821 679 1847 ex
704 1808 867 1848 Horatio
893 1809 941 1848 de
966 1809 1081 1848 Dacis
1097 1822 1174 1848 non
1191 1813 1281 1849 ante
1299 1822 1334 1848 a.
1357 1810 1443 1849 723.
1461 1811 1701 1859 quaesivisse,

237 1869 406 1919 potuisse
431 1874 562 1909 autem
588 1883 771 1920 quaerere
796 1871 870 1911 fine
892 1872 1007 1922 hujus
1033 1872 1131 1911 anni.
1146 1871 1362 1912 Secundum
1375 1877 1641 1923 argumentum
1655 1887 1702 1912 ex

227 1945 348 1972 rversu
386 1933 448 1971 55.
487 1937 527 1972 et
554 1934 617 1973 56.
633 1935 797 1984 petitur:

562 2066 579 2083 “
611 2083 665 2090 ——
690 2062 812 2111 quid?
839 2062 1021 2101 militam
1040 2063 1234 2111 promissa
1252 2062 1454 2112 Triquetra

438 2124 607 2165 Praedia
635 2124 777 2165 Caesar
803 2138 856 2164 an
882 2129 936 2165 est
962 2125 1067 2166 Itala
1094 2125 1221 2165 tellure
1247 2126 1407 2165 daturus
1420 2127 1438 2164 Ῥ
1465 2156 1483 2173 ,,

233 2254 305 2292 Dio
333 2254 435 2292 enim
462 2253 554 2304 (51.
569 2254 624 2303 4.)
651 2255 857 2293 memoriae
897 2254 1067 2304 prodidit
1107 2254 1368 2294 Octavianum
1406 2259 1494 2305 post
1533 2267 1702 2305 pugnam

238 2318 435 2357 Actiacam
463 2317 591 2356 media
629 2317 755 2357 hieme
783 2319 1008 2369 (μεσοῦντος
1033 2320 1104 2358 τοῦ
1129 2320 1327 2369 χειμῶνος)
1367 2318 1615 2358 Brundisium
1656 2331 1703 2357 ex

343 2525 366 2566 ¹)
387 2525 464 2557 Vita
483 2524 612 2558 Horatii
633 2525 737 2567 Lugd.
757 2526 795 2559 B.
818 2528 922 2569 1708„
942 2536 975 2569 p.
992 2528 1063 2559 150.
1086 2544 1127 2552 -
1151 2524 1223 2559 154.

342 2580 366 2620 ²)
388 2578 478 2612 Fasti
498 2578 577 2612 Hor.
598 2588 631 2620 p.
655 2581 726 2612 120.
