2012 2917
600 554 667 639 lm
722 553 917 640 fflfflffffl
971 552 1044 638 ΕΤ
1099 551 1436 638 TEMPORIBUS

351 805 359 812 ,
735 742 957 798 tunsus
990 741 1293 792 HoRATms

270 886 558 944 SINGULAS
590 884 844 941 SATIRAS
876 884 1284 941 COMPOSUERIT
1319 883 1764 939 οοΜΜΕΝΤΑΤΙο.

382 1239 428 1278 In
459 1242 573 1278 tanta
612 1239 867 1289 discrepantia
892 1239 993 1292 inter
1023 1238 1223 1277 doctorum
1244 1237 1401 1286 judicia,
1430 1238 1471 1276 in
1485 1241 1568 1276 tam
1599 1230 1758 1275 incertis

277 1315 392 1352 saepe
418 1315 549 1341 rerum
582 1302 809 1349 rationibUS‚
839 1303 872 1341 si
899 1315 1026 1348 meam
1044 1301 1092 1339 de
1111 1301 1244 1339 ordine
1267 1304 1307 1339 et
1337 1299 1588 1350 temporibus,
1616 1299 1759 1349 quibus

276 1365 462 1405 Horatius
475 1365 646 1415 singulas
659 1365 798 1404 satiras
816 1364 1081 1414 composuerit,
1098 1364 1330 1402 sententiam
1347 1363 1555 1413 protulero,
1571 1362 1758 1401 audacter

278 1429 393 1468 nimis
403 1428 566 1468 fortasse
575 1429 710 1468 fecisse
723 1428 892 1476 videbor,
920 1432 960 1467 et
985 1431 1090 1466 recte
1117 1428 1232 1465 amici
1258 1439 1283 1465 a
1310 1427 1468 1465 consilio
1486 1426 1648 1465 fortasse
1670 1437 1757 1464 meo

276 1504 339 1531 me
356 1492 600 1539 revocabunt,
621 1495 666 1531 ut
691 1493 908 1538 Horatium,
938 1504 1027 1531 cum
1040 1491 1207 1531 Graecos
1220 1503 1351 1529 versus
1378 1490 1504 1530 facere
1532 1489 1657 1536 vellet,
1686 1488 1758 1528 tali

277 1567 368 1594 voce
394 1555 518 1595 vetuit
545 1555 747 1602 Quirinus:

468 1686 485 1703 ‘⁴
517 1682 568 1720 In
593 1682 727 1721 sibam
752 1693 828 1720 mm
853 1682 957 1731 liqna
982 1683 1085 1731 feras
1111 1682 1286 1720 insanius
1312 1693 1357 1720 ac
1383 1683 1419 1720 si

516 1744 683 1795 Maqnas
715 1744 945 1785 Graecorum
972 1745 1084 1784 malis
1111 1745 1264 1793 implere
1289 1748 1468 1784 catervas.
1501 1775 1518 1791 „

388 1871 463 1911 Sed
489 1871 576 1921 ipsa
601 1884 674 1919 res,
704 1867 887 1921 quoniam
915 1872 1030 1910 certis
1056 1872 1272 1910 rationibus
1286 1876 1326 1910 et
1344 1872 1582 1921 argumentis
1610 1885 1685 1910 non
1700 1873 1755 1910 vi-

277 1934 391 1973 detur
426 1934 477 1972 ad
502 1934 693 1984 liquidum
744 1948 856 1984 posse
882 1935 1051 1984 perduci,
1080 1935 1131 1972 ad
1158 1947 1199 1972 se
1234 1947 1296 1973 me
1331 1939 1443 1973 vocat
1476 1939 1516 1972 et
1548 1934 1682 1980 trahit,
1711 1938 1756 1972 ut

277 1996 361 2047 ipse
386 1996 908 2047 videampervestigemque,
937 1997 1124 2047 quidnam
1150 1998 1272 2047 possit
1304 1997 1388 2036 erui
1420 1998 1528 2044 certi,
1566 2000 1636 2036 aut
1661 1997 1757 2046 quid

276 2059 319 2099 in
344 2059 471 2099 medio
488 2060 540 2099 sit
556 2060 862 2110 relinquendum.
879 2060 1007 2110 Atque
1020 2071 1103 2098 rem
1116 2060 1174 2099 ita
1187 2060 1402 2108 instituam,
1418 2064 1463 2099 ut
1477 2073 1539 2099 me
1553 2060 1604 2099 ad
1617 2060 1755 2099 Kirch-

276 2123 372 2171 neri,
400 2123 475 2162 viri
501 2123 549 2162 de
574 2124 738 2176 Horatio
752 2124 991 2163 emendando
1005 2127 1045 2162 et
1062 2124 1353 2174 interpretando
1368 2124 1615 2171 meritissimi,
1636 2123 1756 2173 potis-

279 2186 420 2225 simum
438 2187 629 2237 adplicem
647 2188 968 2235 dissertationem,
989 2188 1082 2237 quia
1105 2199 1355 2237 quaecunque
1382 2188 1433 2226 ad
1450 2188 1556 2230 hunc
1580 2187 1682 2226 diem
1709 2187 1757 2226 de

277 2249 440 2290 Heratio
467 2254 537 2290 aut
567 2251 771 2291 observata
797 2254 888 2290 sunt
919 2254 989 2291 aut
1015 2251 1226 2300 disputata,
1260 2250 1310 2290 ab
1328 2250 1402 2290 hoc
1418 2250 1589 2302 profecto
1608 2263 1757 2289 summo

278 2311 361 2351 viro
393 2316 410 2334 “
427 2314 512 2363 apis
539 2314 713 2353 Matinae
739 2327 845 2353 more
873 2314 1063 2364 modoque
1076 2344 1093 2361 „
1126 2317 1165 2352 et
1192 2314 1363 2364 undique
1382 2314 1543 2353 collecta
1568 2313 1758 2363 repereris

279 2377 319 2414 et
346 2376 451 2415 omni
479 2389 528 2416 ex
553 2380 667 2427 parte
703 2378 953 2417 subtilissime
979 2379 1188 2427 pensitata.
1229 2378 1363 2427 Neque
1398 2381 1531 2416 tamen
1571 2377 1757 2416 Dsmtzeri

278 2437 448 2486 Frankii‚
478 2439 647 2488 Teuffeli‚
676 2441 955 2489 Walckenaeri,
970 2441 1180 2481 Weicherti
1194 2440 1434 2491 aliorumque
1448 2440 1757 2480 doctissimorum
1787 2442 1795 2448 “

277 2502 458 2549 virorum,
487 2515 651 2552 quorum
685 2517 763 2543 non
803 2505 1047 2544 mediocriter
1087 2517 1240 2544 moveor
1281 2505 1524 2552 auctoritate,
1562 2504 1756 2553 negligam

279 2567 630 2615 commentationes
660 2580 896 2619 quamquam
923 2572 1036 2608 tanta
1054 2572 1144 2608 sunt
1170 2569 1211 2608 in
1229 2569 1417 2608 varietate
1436 2581 1482 2608 ac
1508 2567 1753 2614 dissensione,
