2012 2917
923 164 1130 205 *22-

279 284 454 335 ineptias,
483 283 616 334 quales
642 282 884 333 heredipetae
911 279 1199 323 benevolantiae
1236 282 1358 322 Fanni
1392 285 1604 334 captandae
1640 296 1756 324 causa

278 348 403 387 facere
446 348 673 397 potuissent,
711 348 863 386 silentio
890 347 1100 395 praeterire
1126 351 1166 385 et
1193 348 1362 395 potuisse
1395 352 1435 386 et
1462 349 1627 388 voluisse
1653 349 1757 388 haud

280 413 508 462 negaverim.

387 471 629 516 Weichertus
672 474 991 525 perhonorificum
1018 475 1134 514 fuisse
1175 474 1280 522 dicit,
1329 475 1361 514 si
1388 476 1495 527 cujus
1532 477 1676 527 scripta
1716 479 1757 517 in

281 543 440 593 privatis
467 541 709 580 bibliothecis
731 544 1017 590 reponerentur.
1048 539 1122 579 Sed
1149 540 1349 589 quominus
1375 540 1422 580 de
1449 541 1599 590 privata
1616 542 1756 582 biblio-

281 607 394 646 theca
420 607 618 655 cogitaret,
647 605 825 653 imaginis
851 605 1080 642 mentionem
1108 604 1263 643 obstare
1289 605 1369 654 ipse
1395 605 1500 652 vidit,
1532 609 1570 644 et
1596 607 1757 655 ingenue

281 671 436 717 fatetur,
479 683 519 709 se
559 682 636 709 non
664 682 745 708 esse
786 672 1015 716 assecutum,
1055 681 1130 718 quo
1167 681 1280 706 sensu
1329 668 1467 708 Fannii
1504 670 1756 710 admiratores

282 736 363 784 ejus
390 746 524 783 capsas
552 737 592 772 et
618 733 822 782 imaginem
851 733 1088 771 detulissent.
1117 732 1248 770 Etiam
1276 745 1337 770 me
1365 733 1404 770 in
1429 733 1574 772 incerto
1601 734 1756 773 haerere

280 811 446 849 quonam
473 797 586 836 modo
613 797 738 835 locum
765 796 873 834 illum
891 796 1131 846 interpreter,
1150 795 1253 834 hand
1271 795 1336 834 ibo
1359 795 1514 844 infitias,
1533 799 1756 846 praesertim

280 875 367 901 cum
393 861 594 901 Kimhneri
619 861 988 910 argumentationem
1023 860 1146 911 primo
1172 859 1313 898 obtutu
1339 872 1467 898 veram
1503 861 1597 899 mihi
1623 863 1754 910 visam,

281 926 486 966 admodum
513 924 679 964 debilem
706 937 787 963 esse
814 925 1029 963 invenerim.
1057 924 1094 963 Is
1122 924 1222 963 enim
1250 925 1289 962 in
1325 924 1560 974 praefatione
1579 926 1756 967 editionis

281 1004 372 1030 suae
393 995 467 1029 sat.
489 990 582 1029 Hor.
612 1003 648 1039 p.
668 990 728 1027 14.
749 988 889 1034 docuit,
909 989 1034 1027 locum
1052 992 1226 1027 nostrum
1245 989 1295 1026 ad
1319 982 1594 1028 bibliothecam
1612 1003 1646 1028 a.
1670 992 1754 1029 721.

282 1054 331 1094 ab
359 1054 568 1094 Octaviano
592 1053 631 1091 in
658 1053 809 1102 porticu
836 1051 1016 1091 Octaviae
1044 1052 1234 1090 conditam
1262 1052 1497 1091 referendum
1524 1066 1605 1092 esse
1633 1068 1756 1094 suam-

281 1131 355 1169 que
382 1118 611 1157 sententiam
637 1117 677 1154 in
705 1117 975 1155 commentario
1003 1116 1054 1154 ad
1081 1116 1240 1154 satiram
1277 1116 1528 1165 probaturum
1564 1131 1644 1156 esse
1671 1132 1756 1168 pro-

281 1183 395 1222 misit.
425 1182 582 1222 Laetus,
597 1182 722 1219 animo
750 1181 868 1229 igitur
895 1193 953 1218 me
981 1180 1029 1218 ad
1049 1180 1362 1218 commentarium
1382 1180 1580 1228 legendum
1599 1183 1754 1229 contuli,

282 1259 440 1296 sperans
466 1245 556 1292 fore,
585 1248 631 1283 ut
654 1244 807 1282 tandem
827 1257 955 1282 verum
983 1244 1179 1282 inveniam.
1211 1243 1283 1282 Sed
1311 1244 1475 1282 multum
1493 1258 1551 1283 me
1571 1259 1656 1296 spes
1674 1261 1758 1286 mea

281 1310 425 1350 fefellit.
456 1309 518 1349 Sic
545 1310 645 1347 enim
672 1322 750 1347 rem
777 1308 940 1358 probare
969 1309 1063 1354 vult,
1094 1309 1126 1347 si
1147 1309 1300 1358 quidem
1327 1309 1398 1348 hoc
1426 1314 1485 1348 est
1512 1310 1690 1359 probare,
1714 1315 1758 1350 ut

281 1376 409 1421 dicat:
439 1387 524 1412 cum
546 1375 627 1423 jam
667 1374 706 1410 in
744 1372 978 1422 praefatione
1019 1374 1177 1411 satiram
1218 1386 1359 1411 annum
1405 1375 1492 1412 722.
1536 1376 1759 1414 antecedere

282 1452 357 1478 non
383 1439 552 1488 potuisse
580 1437 810 1486 probaverit,
840 1437 943 1474 facili
970 1437 1090 1485 gradu
1120 1450 1159 1475 se
1187 1438 1236 1475 ad
1256 1438 1483 1475 mentionem
1502 1438 1757 1478 bibliothecae

280 1503 330 1542 ab
358 1502 569 1542 Octaviano
597 1502 634 1539 in
663 1502 812 1551 porticu
842 1501 1023 1540 Octaviae
1051 1502 1226 1540 conditae
1254 1502 1413 1541 deferri!
1450 1503 1593 1542 Deinde
1631 1504 1757 1543 Melis-

285 1581 369 1612 sum
398 1566 589 1616 quendam
628 1566 916 1614 grammaticum
945 1565 1200 1603 bibliothecae
1229 1567 1458 1604 ordinandae
1500 1569 1757 1616 praepositum

282 1632 397 1671 fuisse
425 1634 568 1675 narrat,
600 1630 664 1679 qui
692 1629 799 1667 nulla
827 1628 1081 1678 probabiliter
1117 1629 1356 1669 dubitatione
1393 1635 1493 1670 esset
1539 1632 1753 1681 impeditus,

284 1696 485 1745 quominus
514 1695 623 1732 Fanii
652 1695 726 1732 vivi
754 1694 955 1742 imaginem
983 1694 1177 1742 reciperet.

391 1759 496 1798 Idem
524 1758 755 1796 Kirchnerus
771 1770 816 1795 ex
831 1758 1018 1795 mentione
1047 1770 1183 1796 causae
1212 1758 1339 1796 Petilli
1358 1771 1391 1796 a.
1415 1760 1501 1797 722.
1523 1759 1756 1808 profligatae,

286 1825 447 1867 satiram
474 1826 564 1863 ante
592 1822 752 1860 eundem
780 1834 920 1859 annum
948 1821 1062 1859 scribi
1091 1835 1164 1859 non
1196 1822 1363 1870 potuisse
1390 1826 1495 1860 certo
1523 1823 1644 1861 evinci
1673 1836 1758 1861 con-

285 1887 422 1932 tendit.
441 1888 471 1937 ¹)

392 1951 466 1992 Sed
494 1964 724 2001 quamquam
752 1951 1063 1989 commentarium
1093 1951 1291 1990 Kirchneri
1320 1952 1523 2001 diligenter
1551 1953 1691 2001 perlegi
1719 1957 1757 1990 et

285 2030 425 2064 omneS,
455 2029 551 2066 quos
579 2015 697 2053 habui
726 2015 853 2061 libros,
894 2019 937 2053 ut
978 2015 1078 2053 unde
1106 2028 1245 2054 annum
1282 2029 1418 2055 causae
1459 2017 1561 2055 illius
1601 2017 1758 2055 eruisset

283 2081 459 2128 viderem,
504 2079 769 2130 pervestigavi,
817 2092 1014 2129 nusquam,
1058 2093 1104 2118 ne
1147 2080 1347 2129 vestigium
1388 2081 1540 2130 quidem
1582 2082 1759 2130 temporis

282 2147 390 2196 potui
420 2146 598 2184 invenire.
630 2145 711 2182 Nisi
739 2145 858 2192 igitur
886 2145 1012 2182 omnia
1040 2158 1098 2182 me
1127 2145 1277 2191 fallunt,
1321 2145 1391 2183 hoc
1420 2146 1502 2183 loco
1531 2149 1754 2193 argumenta

285 2224 331 2250 ex
356 2211 414 2257 iis,
445 2222 544 2259 quae
571 2212 700 2248 essent
727 2208 1035 2254 demonstranda,
1081 2208 1330 2247 Kirchnerum
1368 2209 1544 2258 petivisse
1587 2213 1756 2259 apparet.

276 2276 329 2316 ‚In
356 2276 428 2312 hoc
456 2278 585 2313 tamen
613 2273 706 2311 mihi
734 2286 819 2312 cum
847 2274 912 2311 illo
940 2273 1127 2318 convenit,
1159 2275 1317 2311 satiram
1344 2277 1521 2322 quartam
1559 2287 1582 2311 a
1619 2274 1763 2312 decima

282 2352 357 2379 non
385 2340 496 2378 nimis
523 2343 695 2388 tempore
722 2351 832 2387 posse
860 2337 1015 2384 distare,
1046 2338 1136 2386 quia
1165 2338 1201 2375 in
1228 2342 1390 2387 utraque
1409 2338 1536 2376 Petilli
1556 2338 1761 2388 Capitolini

282 2408 467 2451 memorat
496 2416 649 2442 causam
669 2404 722 2453 (4.
741 2404 800 2441 94.
817 2416 886 2451 sq.,
912 2404 970 2440 10.
991 2403 1052 2440 25.
1084 2405 1157 2451 sq.)
1186 2402 1233 2439 de
1261 2406 1415 2440 cantore
1442 2402 1676 2451 Hermogene
1707 2403 1758 2452 (4.

284 2469 367 2515 73.;
389 2469 462 2516 10„
483 2468 541 2506 17.
564 2468 625 2505 80.
648 2467 729 2515 90.)
758 2470 796 2504 et
824 2470 937 2515 poeta
965 2466 1110 2504 Fannio
1140 2466 1383 2515 contemptim
1408 2466 1586 2515 loquitur.
1618 2465 1760 2504 Deinde

392 2601 411 2637 ¹)
436 2596 517 2629 Vide
541 2596 678 2637 praefat.
702 2605 773 2637 pag.
802 2598 848 2627 15.
902 2624 905 2628 .
