2012 2917
892 149 1101 189 -12-

254 264 463 303 contendit.
486 263 676 304 Teuffelus
697 266 726 315 ¹)
746 267 877 303 autem
892 264 1121 304 scholiastae
1150 278 1226 304 non
1238 266 1326 305 aliis
1340 266 1564 316 auctoribus
1577 267 1652 306 sed>
1654 266 1737 318 jam

253 329 338 377 ipsa
364 328 437 377 Ep.
471 329 502 366 1.
536 329 596 366 15.
627 342 672 367 eo
701 328 841 367 adduci
867 329 1038 377 potuisse
1065 332 1190 377 putat,
1227 333 1273 367 ut
1300 331 1340 367 in
1376 330 1571 369 Maenium
1597 344 1734 371 nomen

250 392 458 431 Pantolabi
485 392 622 431 cadere
650 392 814 443 (Acronz
842 392 1018 430 Maenius
1037 391 1099 430 hic
1117 391 1355 431 Pantolabus
1382 393 1509 432 dictus
1527 398 1589 434 est
1602 394 1652 435 ab
1681 407 1736 443 e0‚

251 458 353 507 quod
381 458 568 508 quidquid
595 456 827 497 offerebatur
868 457 1074 509 acciperet)
1112 457 1319 505 crederent,
1356 461 1395 497 et
1417 458 1503 498 ideo
1539 459 1611 498 hoc
1651 460 1734 500 loco

250 522 370 559 ullam
400 524 673 559 auctoritatem
702 525 742 559 et
769 520 882 559 fidem
910 534 1042 559 eorum
1060 522 1279 559 testimonio
1298 522 1457 572 adjungi
1478 534 1588 571 posse
1606 528 1731 573 negat.

256 585 528 625 Narrationem
556 589 703 633 contra,
734 598 849 636 quam
878 585 929 624 ad
956 585 1082 624 locum
1112 584 1193 624 Sat.
1222 585 1250 624 I.
1276 586 1362 625 101.
1393 586 1660 637 explicandum
1687 587 1734 632 de

251 650 403 688 Maenio
433 650 575 687 Lucilii
603 650 755 698 aequali
783 650 1070 698 proposuissent
1102 651 1145 698 2),
1177 662 1223 687 ex
1260 651 1493 688 auctoritate
1520 651 1658 688 veteris
1685 651 1732 688 li-

249 712 352 760 belli,
384 713 449 763 qui
478 712 552 752 fuit
580 712 627 751 de
655 713 826 763 personis
853 708 1089 760 Horatianis,
1120 712 1298 752 attulisse
1322 712 1546 753 scholiastas
1574 725 1733 764 eamque

248 790 326 815 rem
358 778 412 815 eis
440 776 553 815 fidem
581 778 722 815 addere
749 778 851 824 idem
881 777 1072 815 Teuffelus
1104 777 1309 815 contendit.
1338 777 1443 823 Quae
1470 791 1559 816 vero
1588 774 1733 816 scholia

247 840 298 877 ad
327 839 407 878 Sat.
437 839 467 878 Ι.
499 840 534 878 8.
568 841 626 878 11.
657 840 703 878 de
722 840 936 879 Pantolabo
970 840 1174 879 memoriae
1206 840 1423 889 prodissent
1451 840 1558 890 [Fuit
1576 840 1732 879 Mallius

250 904 475 953 OErankius:
507 904 695 950 Maenius)
727 903 855 943 Verna
882 908 989 943 trans
1018 904 1184 943 Tiberim
1213 905 1386 954 ingenuis
1413 904 1637 954 parentibus
1663 917 1730 943 na-

246 971 331 1015 tus,
371 970 438 1017 qui
476 968 566 1017 quia
594 980 618 1005 a
654 968 787 1006 multis
824 969 1021 1017 pecuniam
1064 972 1238 1006 mutuam
1280 968 1455 1018 rogabat,
1493 967 1730 1006 Pantolabus

245 1036 304 1070 est
331 1032 634 1082 cognominatus]
662 1045 739 1070 non
775 1036 878 1070 recte
916 1032 1154 1070 intellectum
1182 1036 1221 1069 et
1258 1032 1308 1070 ad
1335 1032 1538 1070 arbitrium
1574 1035 1729 1070 auctum

248 1107 330 1134 esse
359 1095 552 1145 exemplar
580 1095 683 1133 illius
712 1096 972 1133 annotationis
992 1095 1041 1133 ad
1058 1095 1131 1144 Ep.
1153 1095 1182 1133 1.
1216 1095 1290 1142 15„
1312 1096 1351 1133 in
1370 1108 1445 1145 quo
1465 1095 1665 1134 scribendo
1685 1108 1729 1134 eo

246 1160 390 1208 majore
418 1173 457 1198 se
485 1160 544 1198 uti
567 1160 654 1208 jure
680 1159 754 1198 sibi
773 1160 1053 1209 persuasissent
1080 1160 1321 1208 interpretes,
1343 1160 1445 1209 quod
1463 1160 1492 1197 I.
1516 1183 1563 1188 —
1588 1161 1621 1197 1.-
1641 1161 1727 1198 101.

243 1223 283 1260 in
311 1223 502 1261 consortio
531 1223 762 1261 Nomentani
800 1235 869 1271 pro
897 1222 1112 1260 Pantolabo
1149 1222 1324 1260 Maenius
1360 1223 1510 1271 positus
1538 1231 1650 1268 esset,
1689 1227 1728 1260 et

246 1286 334 1323 inde
361 1286 554 1324 Maenium
583 1289 622 1324 et
646 1285 903 1324 Pantolabum
932 1285 1093 1324 eundem
1122 1298 1203 1324 esse
1231 1286 1359 1334 colligi
1378 1298 1489 1335 posse
1517 1298 1580 1324 eos
1609 1285 1728 1324 credi-

245 1349 356 1395 disse,
388 1353 589 1398 praeterea
617 1349 717 1387 idem
746 1348 937 1388 Teuffelus
965 1349 1187 1398 disputavit.
1227 1349 1365 1387 Eidem
1392 1350 1458 1387 ille
1491 1348 1728 1387 Pantolabus

244 1425 386 1460 scurra,
417 1416 478 1452 tot
501 1413 582 1463 jam
611 1412 939 1463 disputationibus
966 1412 1209 1460 nobilitatus,
1250 1413 1507 1462 Hermogenes
1545 1412 1727 1462 Tigellius

237 1479 368 1528 junior
396 1491 477 1517 esse
505 1478 668 1525 videtur,
699 1491 883 1528 suamque
912 1478 1141 1516 sententiam
1168 1478 1228 1516 his
1256 1478 1489 1527 argumentis
1516 1481 1665 1516 tuetur:

349 1542 519 1580 Primum
547 1555 631 1580 eam
651 1542 906 1580 commendari
929 1542 1176 1580 similitudine
1194 1542 1356 1580 nominis
1380 1542 1464 1590 pari
1491 1542 1726 1591 syllabarum

245 1618 403 1644 numero
432 1609 471 1643 et
499 1607 717 1655 quantitate
745 1606 915 1655 insignis,
947 1609 986 1644 et
1015 1605 1094 1644 Sat.
1126 1606 1155 1643 I.
1187 1606 1221 1644 8.
1244 1619 1353 1644 versu
1372 1607 1431 1644 11.
1463 1618 1548 1647 cum
1576 1604 1657 1644 Sat.
1687 1607 1724 1644 4.

245 1684 278 1707 v.
313 1671 371 1706 72.
402 1671 544 1708 collato
574 1671 672 1719 (Hoc
699 1671 859 1707 miserae
887 1670 990 1718 plebi
1019 1669 1151 1707 stabat
1166 1683 1363 1707 commune
1384 1670 1611 1717 sepulcrum,
1628 1670 1725 1707 Pan-

242 1733 375 1772 tolabo
392 1747 546 1772 scurrae
561 1738 631 1772 etc.
656 1758 703 1761 —
726 1734 818 1780 Quis
847 1747 982 1772 manus
1010 1734 1163 1772 insudet
1191 1734 1295 1783 vulgi
1324 1733 1647 1783 Hermogenisque
1662 1734 1723 1771 Ti-

240 1798 358 1847 gelli),
376 1798 513 1835 deinde
528 1798 759 1846 adjectivum
781 1798 943 1846 pulchri,
961 1798 1062 1846 quod
1077 1798 1307 1846 Hermogeni
1326 1799 1354 1835 Ι.
1369 1820 1419 1826 -—
1434 1799 1494 1835 10.
1519 1799 1578 1835 17.
1600 1798 1723 1836 tribu-

240 1866 316 1908 tur,
339 1860 569 1900 affinitatem
587 1862 747 1911 prodere
766 1862 960 1911 quandam
982 1875 1068 1901 cum
1087 1875 1239 1900 scurrae
1260 1862 1489 1911 cognomine,
1511 1862 1724 1900 Pontolabo

240 1927 342 1964 dato.
375 1926 449 1964 Sed
478 1926 828 1975 quomodocumque
857 1940 897 1965 se
924 1927 1019 1965 haec
1046 1926 1286 1973 habent‚-nil
1315 1940 1362 1964 ex
1395 1927 1442 1964 iis
1480 1926 1530 1964 ad
1557 1930 1720 1975 tempus,

239 2003 315 2039 quo
345 1989 474 2027 Satira
503 1990 648 2038 scripta
677 1991 738 2037 sit,
768 1990 908 2028 adferri
932 2003 1043 2039 posse
1071 1994 1306 2039 compertum
1334 1989 1532 2028 habemus.

346 2053 525 2102 Speciosa
553 2053 761 2092 admodum
781 2058 839 2092 est
859 2055 959 2092 ratio
979 2054 1178 2092 Kirchneri
1203 2056 1233 2104 ³)
1255 2054 1425 2103 eclogam
1440 2066 1474 2091 a.
1498 2054 1583 2091 719.
1604 2054 1720 2103 scrip-

237 2121 318 2156 tam
346 2131 428 2156 esse
458 2117 707 2166 conjicientis,
739 2118 840 2167 quod
861 2131 989 2157 versus
1022 2120 1107 2156 114.
1143 2119 1228 2156 115.
1264 2119 1350 2156 116.
1374 2130 1421 2156 ex
1448 2117 1551 2166 Virg.
1583 2117 1718 2168 Georg.

232 2181 299 2219 lib.
349 2182 378 2219 I.
423 2196 456 2220 v.
501 2182 591 2219 512.
641 2195 732 2231 seq„
780 2195 813 2220 a.
865 2183 962 2220 719.
1011 2183 1060 2220 ad
1107 2182 1218 2221 finem
1254 2181 1429 2231 perducti
1466 2184 1504 2220 et
1541 2182 1719 2231 evulgati,

234 2246 402 2295 expressi
431 2247 519 2285 sint.

341 2418 360 2457 ¹)
382 2417 530 2448 Museum
553 2416 606 2447 fur
626 2416 709 2448 Phil.
732 2418 783 2448 97.
807 2418 859 2447 98.

338 2472 360 2509 ²)
386 2469 477 2502 Conf.
502 2469 589 2501 Orel.
613 2469 662 2501 ed.
686 2469 763 2501 Hor.
788 2480 830 2509 p.‚
847 2470 880 2501 in
904 2478 967 2510 qua
990 2472 1089 2502 totam
1114 2469 1153 2500 de
1177 2469 1307 2502 Maenio
1331 2471 1548 2503 narrationem
1571 2471 1716 2504 invenies

230 2523 291 2555 vol.
314 2523 355 2555 Π.
371 2533 402 2562 p.
428 2525 476 2553 15.
503 2524 551 2554 16.
575 2523 608 2553 in
631 2532 711 2554 com.
735 2522 777 2554 ad
801 2523 832 2554 S.
856 2523 879 2554 Ι.
906 2524 974 2554 101.

334 2577 357 2617 ³)
382 2576 447 2607 Sat.
472 2576 592 2607 Histor.
615 2575 803 2616 Einleitung
825 2586 854 2617 p,
882 2578 929 2607 11.
