2012 2917
905 178 952 185 ..
981 122 1034 195 33
1062 175 1109 183 -

278 271 377 313 nihil
405 269 512 312 aliud
538 271 729 323 consequi,
758 283 875 323 quam
900 271 1165 316 Maecenatem
1191 281 1260 321 per
1285 268 1406 309 vitam
1424 281 1620 321 nunquam
1647 269 1751 310 aedi-

279 337 396 376 ficare
423 337 589 385 desiisse,
619 336 754 376 deinde
782 350 830 376 ex
856 336 964 386 epod.
993 336 1029 375 9.
1057 335 1094 373 3.

496 444 629 485 Tecum
655 445 721 485 sub
749 445 830 484 alta
856 467 909 474 —
935 444 989 483 sic
1016 442 1103 483 Jovi
1125 445 1279 492 gratum
1306 463 1357 471 —-
1384 441 1501 490 domo,

492 509 613 548 Beate
639 509 852 555 Maecenas,
881 508 1015 547 bibam.

281 594 394 633 aedes
406 594 447 633 in
458 594 622 644 Equih'is
633 596 847 633 exstructas
862 604 963 631 anno
978 591 1067 630 723.
1082 603 1108 629 a
1121 590 1343 630 Maecenate
1358 590 1441 640 jam
1455 589 1652 628 habitatas
1662 589 1754 628 fuis—

276 671 328 697 se.
365 659 412 696 In
435 662 571 696 octava
588 671 687 704 vero,
705 658 808 696 idem
823 656 961 706 inquit,
976 655 1044 693 lib.
1072 655 1103 693 Ῑ.
1132 655 1256 692 satira
1273 653 1540 698 tantummodo
1553 653 1658 691 horti
1669 654 1757 691 novi

279 723 338 772 (v.
365 734 517 760 versum
545 721 607 771 7.)
634 721 738 771 iique
756 733 806 759 ne
818 718 934 770 plane
950 717 1112 757 confecti
1130 717 1286 768 quidem
1299 720 1656 764 commemorantur,
1676 729 1755 756 non
1825 765 1827 767 q

278 789 410 822 autem
437 784 593 822 condita
619 784 765 822 domus.
804 782 917 820 Certe
953 784 1084 818 autem
1112 781 1369 829 complanatio
1404 780 1497 826 loci,
1536 792 1636 828 quae
1668 792 1756 817 cum

276 847 436 886 satiram
464 846 722 886 conscriberet
748 847 874 895 poeta,
897 855 945 882 ne
972 842 1151 882 absoluta
1177 842 1335 893 quidem
1361 844 1457 889 erat,
1485 845 1531 881 ut
1557 854 1606 881 ex
1632 842 1756 881 satira

276 912 410 950 eadem
423 915 543 961 patet,
559 923 629 949 nec
642 923 720 948 non
737 909 952 955 exsiccatio,
968 908 1107 946 deinde
1125 908 1333 946 exstructio
1352 907 1506 945 aedium
1519 906 1623 945 haud
1641 906 1757 945 dubie

275 973 444 1024 plurium
468 963 660 1012 ‘annorum
687 971 859 1010 laborem
885 971 1107 1021 postulavit.
1135 969 1391 1017 Quamobrem
1418 969 1590 1009 dubitari
1617 970 1753 1020 nequit

277 1039 373 1088 quin
401 1050 501 1076 anno
530 1038 619 1076 720.
648 1037 770 1075 satira
796 1037 917 1074 multo
945 1037 1205 1075 antecesserit.
1236 1059 1284 1063 —

385 1102 460 1140 Sed
486 1102 528 1139 in
555 1113 722 1139 errorem
749 1099 939 1138 Frankius
965 1099 1168 1149 prolapsus
1196 1103 1266 1146 est,
1299 1111 1386 1137 cum
1413 1099 1568 1146 diceret,
1597 1102 1751 1147 poetam

280 1162 529 1203 honorificam
555 1176 739 1202 novorum
765 1163 975 1210 hortorum,
1005 1175 1100 1212 quos
1127 1162 1329 1201 Maecenas
1356 1163 1397 1200 in
1410 1162 1611 1212 Esquilino
1625 1165 1755 1200 monte

275 1227 542 1274 adornaverat,
563 1227 699 1266 fecisse
715 1227 958 1274 mentionem,
978 1226 1140 1276 ideoque
1159 1227 1320 1265 satiram
1339 1226 1586 1265 corroborata
1601 1226 1756 1264 demum

275 1291 511 1330 Maecenatis
539 1294 578 1330 et
604 1291 757 1329 Horatii
775 1290 948 1329 amicitia
966 1293 1091 1345 ortam
1105 1302 1198 1329 esse.
1227 1290 1303 1329 Suo
1318 1290 1406 1339 jure
1423 1290 1640 1328 Diintzerus
1660 1290 1689 1339 ¹)
1708 1289 1755 1327 il-

274 1354 354 1393 lam
370 1354 529 1394 Frankii
538 1355 769 1393 sententiam
787 1353 961 1404 explosit,
984 1367 1071 1393 cum
1085 1357 1244 1404 negaret
1261 1353 1408 1404 aliquid
1422 1352 1619 1393 honorifici
1633 1353 1756 1392 inesse

276 1418 317 1456 in
344 1418 416 1457 tali
434 1419 629 1466 mentioni,
647 1422 685 1456 et
699 1418 842 1456 diceret
852 1420 899 1456 ex
912 1417 981 1455 illa
1000 1417 1071 1456 hoc
1085 1421 1237 1456 tantum
1253 1430 1450 1467 appa-rere,
1471 1417 1617 1456 laetum
1639 1417 1756 1456 fuisse

275 1546 347 1584 hoc
362 1546 480 1584 etiam
507 1549 733 1595 argumento
747 1546 849 1584 tueri
863 1549 1023 1584 conatus
1042 1549 1111 1592 est,
1132 1545 1235 1595 quod
1247 1559 1282 1583 v.
1301 1546 1361 1584 12.
1380 1546 1440 1584 13.
1460 1549 1682 1584 accuratam
1696 1546 1751 1584 lo-

277 1622 409 1648 corum
417 1609 596 1648 notitiam
622 1609 762 1659 prodit.
792 1609 901 1656 Quod
919 1613 958 1648 et
977 1622 1046 1659 ego
1072 1609 1237 1648 libenter
1263 1609 1438 1657 concedo,
1458 1609 1530 1648 hoc
1547 1612 1679 1649 tamen
1693 1610 1753 1649 di-

281 1673 459 1711 scrimine
486 1673 722 1722 interposito,
751 1673 865 1722 quod,
895 1685 983 1711 cum
1015 1673 1152 1722 cuique
1188 1673 1229 1711 in
1256 1673 1378 1711 hortis
1409 1674 1572 1723 spatiari
1607 1673 1752 1720 liceret,

274 1736 459 1775 Horatius
473 1735 586 1775 facile
598 1736 770 1775 locorum
783 1736 964 1786 consequi
977 1739 1131 1786 poterat
1161 1737 1351 1785 notitiam,
1375 1737 1528 1776 etiamsi
1554 1750 1631 1776 non
1654 1741 1754 1776 esset

274 1800 420 1838 amicus
433 1800 678 1839 Maecenatis.
693 1801 877 1852 Videmus
892 1801 1012 1850 igitur
1024 1814 1148 1850 neque
1161 1814 1208 1839 ex
1217 1802 1421 1840 Kirchneri
1429 1814 1553 1850 neque
1572 1814 1622 1839 ex
1633 1802 1754 1839 Fran-

274 1863 330 1902 kii
348 1864 595 1913 argumentis,
625 1876 724 1913 quae
738 1864 1071 1912 consideravimus,
1088 1865 1139 1903 ad
1152 1868 1304 1915 tempus
1325 1865 1476 1904 Satirae
1496 1864 1754 1904 definiendum

275 1927 486 1978 quidquam
509 1928 605 1966 certi
618 1928 762 1967 adferri
779 1942 902 1978 posse.
915 1929 990 1968 Sed
1008 1933 1140 1976 restat,
1157 1933 1201 1967 ut
1219 1929 1324 1968 aliud
1338 1929 1541 1968 Kirchneri
1550 1942 1753 1979 argumen-

275 1996 370 2039 tum,
400 1991 555 2041 majoris
582 1991 744 2031 fortasse
771 1993 967 2040 momenti,
1003 1994 1275 2032 examinemus.
1308 1994 1412 2032 Dicit
1443 1993 1546 2031 enim
1581 1994 1754 2032 carmina

200 2055 210 2072 ⁸
278 2055 480 2095 Canidiam
520 2054 762 2095 diffamantia
806 2057 955 2107 aliquot
1001 2069 1189 2096 annorum
1234 2058 1404 2107 spatium
1446 2057 1658 2108 complecti,
1706 2070 1753 2096 ac

275 2119 444 2169 primum
472 2132 603 2158 eorum
629 2118 747 2159 fuisse
774 2120 953 2170 Epodum
989 2121 1035 2159 17
1041 2151 1071 2168 .,
1113 2121 1155 2159 in
1195 2134 1270 2171 quo
1311 2121 1453 2171 probra
1494 2121 1647 2160 mulieri
1686 2121 1752 2159 isti

274 2182 426 2232 objecta
453 2184 692 2233 respexisset.
716 2184 748 2233 ²)
779 2184 854 2223 Sed
880 2188 926 2223 ut
951 2185 1150 2235 Bentlejus
1177 2185 1273 2223 falso
1300 2185 1461 2235 Epodon
1487 2185 1629 2223 librum
1664 2189 1752 2234 post

275 2245 423 2284 Satiras
449 2246 672 2296 profligatas
698 2247 854 2286 biennio
881 2261 916 2286 a.
945 2249 993 2287 U.
1043 2248 1131 2287 723.
1175 2249 1260 2287 724.
1301 2249 1509 2295 incluserit,
1538 2252 1583 2287 ut
1623 2248 1749 2287 Walc-

274 2307 461 2346 kenaerus
481 2309 512 2357 8)
548 2309 649 2347 male
676 2309 767 2348 libri
784 2311 901 2360 primi
929 2313 1073 2350 satirae
1087 2315 1244 2350 octavae
1258 2315 1349 2350 ante
1376 2311 1553 2362 Epodum
1570 2312 1749 2362 quintum

381 2458 400 2499 ¹)
422 2458 531 2491 Kritik
551 2460 618 2492 und
639 2460 826 2503 Erklarung
847 2462 906 2495 der
928 2462 1057 2495 Satiren
1080 2462 1138 2495 (les
1160 2463 1279 2495 Horaz.
1302 2473 1334 2503 p.
1356 2464 1408 2494 82.

376 2512 403 2552 ²)
426 2511 598 2545 Kirchneri
620 2513 671 2546 ed.
692 2514 770 2547 Hor.
794 2515 956 2548 Sat—libr.
980 2516 1054 2548 duo.
1076 2516 1139 2548 vol.
1161 2516 1201 2548 Π.
1225 2517 1250 2549 Ι.
1273 2518 1345 2548 274.

377 2566 401 2606 8)
424 2565 483 2597 Vie
506 2565 538 2597 d‘
547 2565 676 2598 Horace
699 2577 730 2608 p.
756 2569 826 2600 145.
851 2572 885 2601 et
908 2571 978 2601 146.
